2593 4366
346 104 484 198 326
1018 103 1117 173 T.
1214 101 1274 173 L
1334 121 1364 169 1
1415 123 1457 170 v
1511 121 1543 171 1
1604 118 1635 170 ι

338 228 538 299 quam
573 197 895 272 vetustate
932 198 1060 272 dila
1113 198 1241 271 sam
1279 194 1511 271 refecit
1528 248 1549 283 ‚
1601 193 1873 298 seipsum
1915 193 1984 268 in
2016 195 2299 275 thorace*

337 303 549 372 linteo
573 299 875 396 scriptum
895 301 1050 398 legii
1078 300 1171 371 e·b
1194 297 1739 397 audissem3prope
1762 295 2167 396 sacrilegium
2192 295 2303 372 rass-

344 420 447 469 rus
471 397 635 482 sum,
656 395 861 472 Cofl‘o
880 396 1238 495 spoliorum
1261 394 1523 471 suorum
1557 395 1884 474 Caesarem
1904 399 2096 494 ipsius
2122 421 2305 472 tem-

340 499 434 594 pli
454 501 790 568 amatorem
812 495 1474 586 subtrahere-testem.
1523 511 1551 545 ‘²
1597 496 1768 594 quisi
1792 497 1951 568 eain
1974 523 2042 568 re
2081 496 2155 568 fit
2189 523 2306 570 er-

340 622 476 676 ror,
498 597 679 692 quod
700 618 833 666 tam
857 619 1111 669 veteres
1129 598 1393 668 annales
1418 644 1437 677 ‚
1457 598 1772 693 quodque
1807 597 2300 694 magistratuum

339 695 515 772 libri,
541 720 709 792 quos
743 697 983 766 linteos
1002 698 1071 767 in
1105 698 1241 768 aede
1276 695 1596 791 repositos
1621 701 1912 768 Monetae
1939 701 2162 776 Macer
2186 699 2309 769 Li-

337 794 546 863 cinius
572 794 727 863 citat
748 795 1103 866 identidem
1127 798 1428 866 auetores
1451 840 1472 873 ‚
1512 818 1693 865 nono
1716 790 1862 889 post
1885 793 2153 868 demum
2175 822 2298 878 anf

335 916 427 962 no
448 918 595 964 cum
614 896 704 962 T.
719 894 1019 992 Qintio
1046 904 1298 974 Penn0,
1327 892 1813 976 A.Cornelium
1835 889 2106 963 Cossum
2127 921 2300 977 con-7

335 987 538 1061 sulem
594 991 912 1078 habeant3
969 992 1367 1064 existimatio
1403 991 1773 1063 communis
1822 992 2132 1062 omnibus
2169 995 2296 1066 est.

334 1114 485 1160 nam
506 1090 702 1161 etiam
722 1093 881 1162 illud
904 1093 1155 1163 accedit
1174 1148 1191 1175 ‚
1230 1116 1313 1162 ne
1334 1112 1469 1161 tam
1494 1094 1667 1161 clara
1683 1114 1900 1188 pugna
1917 1090 1984 1159 in
2005 1114 2155 1162 eum
2181 1118 2304 1162 an·

338 1214 496 1258 num
519 1186 853 1261 transferri
886 1186 1136 1288 posset,
1176 1190 1359 1288 quod
1381 1189 1651 1260 imbelle
1688 1189 2036 1259 triennium
2077 1185 2295 1284 ferme

332 1286 704 1384 pestilentia
727 1290 1080 1387 inopiaque
1100 1286 1360 1389 frugum
1380 1289 1413 1339 ἆ
1434 1289 1604 1362 circa
1624 1288 2104 1360 A.Cornelium
2129 1312 2295 1360 con-⁵

334 1382 540 1457 sulem
567 1384 685 1484 fuit
712 1416 729 1458 ε
754 1391 942 1473 adeo,
966 1409 1036 1460 ut
1059 1392 1327 1489 quidam
1352 1390 1612 1460 annales
1632 1389 1812 1458 velut
1832 1382 2067 1459 funesti
2086 1433 2106 1467 ‚
2126 1387 2294 1478 nihil

336 1505 576 1580 praeter
597 1487 863 1559 nomina
880 1484 1221 1560 consulum
1239 1484 1610 1587 suggerant.
1664 1485 1937 1558 Tertius
1960 1486 2043 1556 ab
2062 1483 2303 1558 consu-

336 1585 475 1652 latu
496 1583 683 1655 coffi
705 1610 933 1666 annus,
953 1587 1287 1679 tribunum
1319 1612 1472 1657 eum
1510 1586 1794 1656 militum
1820 1582 2144 1657 consulari
2166 1611 2296 1684 po·-

336 1679 575 1752 testate
592 1682 793 1752 habet
815 1712 831 1752 ε
875 1688 1116 1756 eodem
1138 1710 1311 1756 anno
1329 1683 1707 1783 magistrum
1726 1683 2048 1782 equitum.
2072 1686 2295 1786 quoin

338 1779 624 1874 imperio
644 1783 915 1853 alteram
932 1778 1247 1881 insignem
1268 1784 1475 1855 edidit
1500 1808 1784 1883 pugnam
1806 1783 2199 1880 equestrem.
2216 1809 2297 1856 ea

339 1875 546 1948 libera
568 1881 947 1973 conjec‘kura
966 1880 1079 1952 est.
1129 1883 1255 1956 Sed
1275 1885 1386 1975 (ut
1406 1907 1537 1981 ego
1552 1881 1871 1964 arbitror)
1894 1907 2056 1952 vana
2078 1881 2295 1955 versa-

338 1977 494 2046 rein
516 2001 749 2048 omnes
768 1980 1113 2077 opiniones
1133 1982 1288 2052 licet
1311 1993 1551 2079 {quum
1571 1983 1799 2050 audior
1813 2006 2046 2080 pugnae
2067 2007 2297 2054 recen-

280 2085 293 2092 ’
337 2071 515 2146 tibus
534 2073 841 2171 spoliisin
867 2076 1039 2148 sacra
1061 2078 1207 2152 sede
1228 2080 1481 2177 posim,
1515 2106 1531 2136 ¹
1569 2078 1807 2174 Jovem
1828 2106 2033 2179 prope
2050 2078 2289 2179 ipsum,

337 2173 442 2243 cui
467 2198 622 2247 vota
637 2202 843 2259 erant,
866 2180 1367 2279 Romulumque
1390 2180 1674 2260 intuens,
1695 2178 1862 2250 haud
1889 2176 2290 2276 spernendos

339 2267 476 2343 falsi
494 2275 665 2345 tituli
687 2276 924 2357 testes,
962 2274 1089 2350 sese
1126 2276 1627 2353 A.Cornelium
1653 2276 1925 2352 Coss‘um
1946 2276 2284 2358 consulem

248 2382 317 2429 21
335 2366 677 2468 scripserit.
732 2380 825 2448 M.
854 2380 1179 2450 Cornelio
1197 2375 1667 2478 Maluginense,
1689 2383 1767 2449 L.
1790 2380 2048 2475 Papirio
2062 2375 2289 2449 Craffo

338 2468 751 2553 consulibus,
783 2478 1107 2549 exercitus
1143 2478 1209 2550 in
1243 2504 1467 2579 agrum
1487 2479 1836 2551 Veientem
1878 2489 1942 2551 δι
1971 2474 2290 2550 Faliscum

336 2570 552 2640 duffi:
580 2575 810 2669 praedae
829 2575 1070 2649 abactae
1091 2577 1431 2649 hominum
1453 2600 1899 2675 pecorumque
1922 2604 1940 2645 ε
1980 2574 2184 2649 hostis
2221 2577 2292 2648 in

336 2669 507 2765 agris
544 2670 855 2770 nusquam
893 2676 1192 2747 inventus
1209 2721 1229 2756 ,
1269 2702 1482 2775 neque
1520 2676 1844 2774 pugnandi
1868 2676 2058 2771 copia
2095 2673 2293 2747 faeta.

337 2769 529 2837 urbes
553 2790 771 2842 tamen
795 2798 929 2841 non
952 2796 1382 2874 oppugnatae:
1409 2775 1562 2869 quia
1580 2772 1945 2870 pestilentia
1967 2775 2289 2869 populum

334 2864 583 2936 invafit.
640 2872 723 2939 Et
743 2867 1096 2943 seditiones
1119 2874 1303 2942 domi
1322 2869 1599 2970 quaesitae
1625 2866 1793 2945 sunt,
1819 2892 1938 2937 nec
1972 2892 2169 2939 motae
2187 2891 2295 2939 ta-

335 2990 512 3045 men,
541 2968 623 3036 ab
652 2974 759 3059 Sp.
782 2970 1008 3039 Maelio
1028 2970 1292 3039 tribuno
1315 2970 1559 3064 plebis,
1605 2968 1716 3065 qui
1737 2962 1963 3035 favore
1997 2966 2285 3039 nominis

333 3087 670 3134 moturum
695 3061 754 3155 se
773 3068 1018 3163 aliquid
1042 3091 1213 3137 ratus
1257 3079 1320 3152 ὅ(
1358 3067 1653 3140 Minucio
1672 3066 1848 3135 diem
1889 3064 2177 3136 dixerat:
2215 3075 2288 3141 δε

333 3162 752 3262 rogationem
785 3165 866 3235 de
900 3165 1305 3262 publicandis
1325 3166 1516 3236 bonis
1555 3163 1811 3239 Servilii
1853 3163 2082 3263 Ahalae
2122 3166 2298 3237 tule-

334 3360 448 3407 Non
491 3378 592 3425 ego.
648 3356 761 3408 vide
798 3359 876 3407 lib.
923 3375 960 3406 t.
1016 3358 1190 3407 observ.
1232 3378 1269 3421 7.
1401 3357 1433 3409 d
1467 3364 1587 3411 Circa
1606 3365 1903 3415 Acornelian
1918 3362 2287 3427 Consulensnie.]

393 3424 421 3468 b
475 3431 632 3495 Legiffe
658 3431 909 3490 andrffim.]
943 3414 1127 3474 Videtu’r
1152 3435 1262 3476 cxci*
1342 3431 1715 3493 Necpcjussecit.

328 3484 436 3535 dfffc
449 3500 690 3544 dicemem:
709 3492 1075 3545 autictibcnnium
1095 3516 1106 3541 ι
1126 3502 1271 3561 refecit
1345 3502 1356 3514 ⁶
1555 3503 1592 3545 V
1634 3512 1670 3545 A
1705 3514 1735 3547 R
1769 3514 1787 3547 1
1817 3516 1848 3546 0
1874 3516 1912 3549 R
1946 3517 1975 3549 u
2006 3515 2065 3549 M.

330 3556 487 3621 ''tfivn-
782 3576 787 3583 ‘
1045 3573 1057 3581 ·
1404 3580 1419 3609 ι
1462 3572 1606 3615 Iovem
1622 3568 2060 3636 &cynomtmquq
2086 3570 2276 3623 enen-u,

390 3640 413 3669 c
447 3630 716 3695 Qs'fieain
728 3634 834 3692 ufic
847 3639 1002 3699 error-1
1027 3636 1269 3700 Lege-:quis
1324 3635 1437 3679 baud
1456 3633 1826 3698 JJ-nnendossalfi
1844 3640 1972 3685 cirula·
1995 3633 2174 3698 eostam]
2211 3628 2285 3683 Αᾶ

300 3726 310 3733 .
324 3707 379 3738 u
389 3695 436 3743 in
449 3697 553 3758 ufic
565 3713 695 3743 error.
1317 3701 1474 3748 locum
1485 3702 1635 3761 illum,
1662 3705 1738 3751 ubi
1758 3701 1971 3768 Polybius
1986 3721 2069 3754 non
2092 3716 2283 3752 contem·

1517 3794 1522 3799 ·
1939 3787 1944 3793 ’
2121 3772 2288 3822 παίω
