2593 4366
1122 133 1216 208 Τ.
1313 135 1375 207 L
1424 155 1459 207 1
1509 155 1554 205 v
1599 156 1627 205 r
1678 157 1712 208 1

395 157 567 316 ἐξ
579 237 941 326 excitaret3
977 233 1275 335 equitum
1295 258 1535 332 paucas
1548 254 1803 336 turmas
1837 254 2028 308 extra
2052 242 2378 323 ordinem

390 339 682 416 immisit:
760 364 993 411 uorum
1014 361 1217 435 quum
1240 335 1539 434 plerique
1558 333 1798 432 delapsi
1819 361 1900 407 ex
1919 338 2110 439 equis
2130 341 2375 431 essent,

393 451 460 519 δι
483 367 911 530 aliifftulssatss
945 446 1009 511 &
1047 434 1131 506 ab
1152 435 1544 508 Samnitium
1587 434 1728 506 acie
1760 435 1839 505 ad
1870 439 2370 535 opprimendos

388 566 508 613 eos
528 541 643 641 qui
661 540 1056 619 ceciderant,
1076 546 1144 610 &
1162 534 1244 607 ad
1263 530 1410 605 suos
1433 533 1715 604 tuendos
1741 535 1825 604 ab
1851 537 2185 612 Romanis
2207 570 2371 641 pro-

391 636 645 714 cursum
665 637 781 712 est.
834 638 1001 710 Inde
1021 635 1381 735 paullulum
1399 633 1649 705 irritata
1671 660 1898 735 pugna
1928 636 2027 710 est
2042 694 2064 723 ,
2103 637 2223 713 sed
2245 647 2370 716 ali..

387 763 640 841 quanto
655 748 721 814 δι
744 737 1028 836 impigre
1047 733 1357 836 magis‚&
1380 735 1595 831 plures
1612 743 2082 830 procurrerant
2099 746 2364 816 Samni-

388 847 490 913 tes
515 868 534 910 ε
577 849 644 914 δε
681 837 982 909 turbatus
1023 861 1225 936 eques
1267 831 1374 906 sua
1407 831 1542 931 ipse
1581 831 1846 907 subsidia
1879 837 2135 910 territis
2169 846 2364 942 equis

383 939 829 1037 proculcavit.
856 937 1011 1008 hinc
1043 934 1193 1036 fuga
1233 956 1460 1031 coepta
1480 955 1696 1006 totam
1713 936 1954 1007 avertit
1975 939 2192 1012 aciem
2209 945 2362 1019 Ro-

385 1064 674 1111 manam.
728 1041 1010 1137 Jamque
1027 1034 1096 1106 in
1113 1057 1301 1133 terga
1320 1032 1714 1134 fugientium
1749 1037 2080 1111 Samnites
2101 1065 2188 1138 pu
2243 1069 2363 1114 na-

388 1137 552 1210 bant
571 1184 592 1221 ‚
627 1162 832 1238 quum
863 1132 1086 1209 consul
1119 1159 1299 1234 equo
1321 1135 1685 1230 praevectus
1717 1135 1799 1207 ad
1818 1158 2078 1233 portam
2099 1069 2358 1211 ‹sagro-

384 1261 532 1310 rum
556 1283 578 1320 ‚
609 1262 684 1309 ac
703 1235 983 1309 statione
997 1234 1294 1333 equitum
1319 1231 1413 1326 ibi
1430 1231 1738 1333 opposita
1761 1281 1782 1315 ‚
1815 1235 2201 1337 edifioque,
2240 1245 2339 1313 Ut

387 1340 792 1437 quicumque
813 1336 894 1408 ad
915 1336 1159 1408 vallum
1263 1354 1512 1433 rgeret,
1534 1333 1663 1406 sive
1682 1334 1798 1406 ille
1816 1338 2185 1418 Romanus,
2203 1335 2336 1409 five

386 1437 643 1510 Samnis
686 1431 843 1508 esset
863 1481 886 1516 ‚
910 1459 1035 1533 pro
1064 1433 1154 1505 ho
1215 1461 1252 1506 e
1273 1433 1669 1519 haberetur3
1698 1432 1838 1506 haec
1862 1433 1994 1532 ipsi
2013 1437 2339 1515 minitans,

386 1537 651 1608 obstitit
689 1531 949 1633 profuse
978 1535 1407 1606 tendentibus
1435 1529 1557 1604 suis
1598 1534 1664 1604 in
1703 1533 1935 1606 castra.
1987 1539 2342 1634 Qpergis,

384 1635 604 1735 inquit
617 1682 638 1716 ‚
674 1637 837 1706 miles
857 1644 889 1708 ἔ
911 1634 983 1712 &¹
1003 1635 1096 1704 ln'c
1108 1656 1276 1704 arma
1294 1633 1363 1714 ά
1385 1635 1534 1705 viros
1553 1636 1822 1705 invenies.
1856 1657 1957 1704 nec
1978 1640 2116 1707 rivo
2131 1637 2348 1732 consule

381 1753 481 1808 tao
493 1735 594 1831 m'Ji
610 1731 976 1830 vic‘tor'caflra
993 1734 1245 1804 intrabis.
1299 1734 1536 1806 Proinde
1550 1734 1698 1825 elige
1711 1789 1732 1816 ,
1769 1756 1898 1804 cum
1912 1739 2072 1817 cive,
2110 1759 2195 1804 an
2210 1734 2352 1831 hoste

380 1853 642 1927 pugnare
658 1836 842 1904 malis.
894 1838 1056 1905 Haec
1074 1833 1338 1903 dicente
1357 1829 1624 1904 consule
1649 1877 1669 1911 ‚
1688 1835 1943 1933 equites
1958 1830 2214 1905 infestis
2233 1862 2352 1905 cu-

378 1933 421 2004 s
409 1924 669 2028 pidibus
687 1929 1405 2012 circumfunduntur‚ac
1423 1931 1717 2029 peditem
1735 1934 1801 2004 in
1822 1957 2111 2034 pugnam
2128 1933 2348 2006 redire

379 2029 639 2127 jubent.
697 2034 868 2103 Non
906 2031 1107 2102 virtus
1148 2028 1358 2104 solum
1399 2027 1736 2104 consulem
1758 2083 1779 2115 ,
1814 2030 1920 2103 sed
1953 2028 2097 2104 fors
2133 2033 2345 2105 etiam

297 2202 318 2217 ,
382 2130 671 2226 adjuvit3
702 2128 880 2230 quod
921 2155 1054 2200 non
1092 2129 1473 2205 institerunt
1513 2131 1866 2205 Samnitesz
1901 2128 2349 2229 spaciumque

355 2260 360 2269 ·
383 2231 871 2331 circumagendi
887 2229 1062 2331 signa
1085 2273 1106 2310 ‚
1136 2231 1576 2329 vertendique
1598 2232 1793 2303 aciem
1811 2228 1846 2299 a
1870 2229 2090 2300 castris
2112 2230 2185 2300 in
2206 2231 2348 2301 ho-

385 2329 554 2405 stem
575 2329 720 2403 fuit.
739 2334 921 2404 Tum
943 2330 1050 2402 alii
1066 2332 1230 2402 alios
1252 2332 1605 2412 hortari‚ut
1629 2352 1994 2429 repeterent
2014 2355 2346 2430 pugnatur

386 2435 808 2505 centuriones
832 2430 915 2500 ab
936 2427 1258 2530 signiferis
1294 2454 1477 2529 rapta
1511 2425 1983 2531 signainferrez
2022 2442 2090 2507 δι
2110 2430 2351 2504 osten-

385 2532 544 2604 dere
564 2529 686 2602 suis
712 2585 734 2619 ,
753 2556 999 2630 paucos
1019 2542 1083 2606 δι
1106 2531 1447 2604 ordinibus
1467 2529 1924 2629 incompositis
1938 2528 2143 2606 effuse
2167 2534 2355 2605 veni·

385 2656 459 2702 re
483 2630 730 2705 hostes.
756 2639 941 2702 Inter
958 2631 1095 2704 haec
1112 2629 1362 2711 consul,
1385 2656 1612 2703 manus
1629 2632 1711 2704 ad
1724 2635 1972 2705 coelum
2002 2635 2345 2708 attollens,

387 2754 558 2801 voce
591 2733 765 2802 clara
800 2732 892 2801 ita
933 2752 1006 2801 utw
1033 2731 1451 2802 exaudiretur
1484 2775 1507 2811 ,
1548 2732 1874 2829 templum
1912 2733 2073 2828 Jovi
2104 2729 2349 2807 Statori

380 2838 621 2916 vovet3
657 2828 701 2902 st
722 2826 1103 2903 constitisset
1121 2830 1157 2899 a
1185 2826 1337 2929 fuga
1357 2832 1668 2902 Romana
1689 2832 1863 2902 acies
1878 2886 1898 2914 ,
1933 2832 2348 2932 redintegra-

382 2948 595 3028 toque
614 2931 840 3028 praelio
859 2924 1184 3000 cecidisset
1208 2924 1589 3028 vicissetque
1611 2931 1909 3030 legiones
1931 2933 2337 3007 Samnitium.

386 3030 649 3102 Omnes
669 3029 956 3129 undique
974 3028 1169 3100 annisi
1195 3029 1274 3099 ad
1298 3027 1757 3102 restituendam
1780 3055 2094 3129 pugnam,
2113 3033 2354 3111 duces»,

387 3130 633 3202 milites
656 3175 678 3208 ‚
715 3129 1008 3226 peditum
1027 3129 1461 3228 equitumque
1497 3129 1618 3198 vis.
1660 3155 1907 3201 numen
1925 3132 2123 3204 etiam
2146 3134 2355 3202 Deo-

385 3255 533 3303 rum
553 3224 906 3327 ,respexiffe
938 3251 1186 3297 nomen
1227 3230 1610 3300 Romanum
1654 3225 1902 3302 visum=
1942 3232 2112 3303 adeo
2150 3226 2346 3303 facile

384 3327 700 3400 inclinata
728 3353 829 3400 res
847 3372 868 3406 ‚
900 3325 1269 3427 repulsique
1311 3327 1347 3397 ὲ
1388 3326 1605 3398 castris
1646 3325 1874 3400 hostes
1898 3363 1920 3415 ς
1963 3356 2124 3402 mox
2144 3331 2347 3401 etiam

388 3428 654 3500 redacta
687 3429 762 3498 ad
795 3452 945 3498 eum
970 3427 1193 3498 locum
1214 3480 1235 3512 ‚
1270 3428 1339 3496 in
1376 3451 1510 3526 quo
1549 3424 1891 3498 commissa
1924 3454 2148 3526 pugna
2177 3448 2349 3513 erat.

385 3528 519 3607 lbi,
538 3528 888 3621 objacente
913 3523 1299 3598 sarcinarum
1320 3525 1586 3599 cumulo
1612 3583 1629 3609 ,
1652 3551 1812 3626 quas
1837 3531 2268 3622 conjecerant
2282 3528 2360 3597 in

386 3628 679 3698 medium
706 3672 727 3705 ‚
766 3624 1005 3697 haesere
1027 3627 1363 3725 impediti:
1399 3626 1633 3697 deinde
1657 3651 1737 3698 ne
1760 3626 2212 3724 diriperentur
2226 3651 2365 3705 ree,

384 3726 624 3801 orbem
641 3729 1043 3802 armator'um
1062 3722 1324 3800 sarcinis
1346 3726 1775 3803 circumdant.
1834 3730 2018 3802 Tum
2044 3752 2217 3898 vestro
2239 3740 2371 3798 eos

1155 3856 1170 3875 ι
2064 3824 2105 3900 ἃ
2158 3846 2372 3900 tonte
