2593 4366
1011 132 1072 199 L
1123 151 1152 198 1
1202 155 1238 200 n
1286 153 1329 201 E
1387 153 1435 203 R
1529 135 1634 202 11.
2173 131 2298 221 18,

282 230 426 302 &o
449 224 766 302 adversus
803 225 1217 298 tribuniciam
1256 229 1648 325 potest-atem
1672 275 1692 309 ,
1729 220 2044 326 perlatam
2071 233 2293 329 legem

288 328 443 402 esse
467 375 490 409 ‚
521 354 725 427 quam
752 328 1006 398 minore
1044 351 1320 409 conatu,
1363 354 1774 427 nequaquam
1811 348 1988 399 tanta
2025 340 2292 403 Patrum

296 426 457 525 spe,
483 431 740 524 priores
779 427 1196 523 impedierint
1234 426 1576 497 consules:
1623 427 2296 527 baeciraindignatio-

306 553 456 624 que
479 524 772 597 ferocem
793 528 1078 595 animum
1101 527 1177 598 ad
1198 530 1562 596 vexandum
1603 523 1772 597 saevo
1797 529 2078 650 imperio
2099 552 2294 599 exer—

311 628 528 696 citum
566 624 970 696 stimulabat.
1009 650 1127 695 nec
1153 625 1283 694 ulla
1308 625 1372 694 vi
1408 625 1660 695 domari
1692 649 1950 721 poterat
1973 673 1992 705 ,
2032 650 2293 697 tantum

327 748 667 796 certamen
690 725 918 794 animis
941 705 1374 794 imbiberant.'
1412 726 1745 821 segniter,
1786 723 2045 809 ociose,
2076 726 2294 825 negli-

328 846 584 922 genter,
608 823 1090 894 contumaciter
1109 823 1333 893 omnia
1353 847 1566 922 agere.
1605 848 1722 892 nec
1749 825 1979 919 pudor,
2000 851 2120 896 nec
2147 850 2294 898 me·-

334 945 433 992 tus
454 922 841 993 coercebat.
888 923 951 992 si
969 923 1156 991 citius
1179 922 1282 1020 agi
1301 927 1501 992 vellet
1519 947 1780 1019 agmen.
1803 924 2039 995 tardius
2064 923 2293 996 sedulo

338 1020 677 1092 incedere:
714 1019 755 1090 si
778 1020 1169 1091 adhortator
1185 1024 1405 1116 operis
1426 1019 1699 1098 adeii'et,
1724 1046 1952 1091 omnes
1972 1020 2074 1093 sua
2098 1023 2295 1121 spon-

337 1140 399 1192 te
422 1141 676 1191 motam
714 1121 1045 1190 remittere
1068 1120 1466 1190 industriam.
1501 1115 1799 1216 praesenti
1821 1123 2030 1191 vultus
2052 1123 2296 1194 demit-

333 1240 489 1298 tere,
508 1220 710 1290 tacite
738 1239 1239 1315 praetereuntem
1255 1221 1546 1289 execrari
1572 1246 1589 1288 ε
1614 1241 1682 1289 ut
1703 1220 1985 1289 inviCtus
2005 1222 2113 1290 ille
2129 1223 2289 1291 odio

328 1318 597 1415 plebeio
622 1317 873 1388 animus
904 1352 923 1396 ,·
956 1318 1284 1390 interdum
1322 1339 1718 1388 moveretur.
1775 1320 1990 1389 Omni
2019 1320 2292 1415 nequic.

324 1444 520 1516 quam
559 1417 921 1487 acerbitate
944 1440 1248 1512 prompta
1273 1417 1431 1486 nihil
1454 1419 1581 1508 jam
1619 1442 1766 1486 cum
1792 1417 2108 1487 militibus
2136 1443 2294 1517 age-

326 1542 393 1590 re
415 1544 432 1586 ε
457 1518 492 1586 a
515 1516 1010 1586 centurionibus
1033 1538 1413 1613 corruptum
1429 1519 1787 1613 exercitum
1807 1517 2025 1588 dicere
2047 1545 2062 1586 ε
2084 1518 2294 1588 tribu-

328 1641 451 1685 nos
487 1616 711 1711 plebei
751 1615 1063 1685 cavillans
1101 1614 1469 1697 interdum,
1507 1624 1570 1689 δι
1610 1617 1766 1686 Vol‘
1797 1641 1987 1688 ⁴ones
2023 1641 2288 1690 vocare.

329 1714 523 1786 Nihil
545 1739 778 1783 eorum
808 1705 1031 1785 Volsci
1053 1711 1450 1793 nesciebant,
1475 1713 1930 1812 instabantque
1954 1741 2035 1787 eo
2057 1719 2288 1815 magiS,
2308 1734 2396 1809 59

331 1811 668 1908 sperantes
703 1814 878 1884 idem
913 1835 1246 1884 certamen
1275 1815 1634 1884 animorum
1672 1811 1970 1885 adversus
1997 1818 2289 1911 Appium

328 1912 701 1982 habiturum
721 1913 1077 1982 exercitum
1095 1916 1640 2010 Romanum,quo
1703 1915 1898 1984 adver
1933 1940 2001 1982 us
2018 1915 2291 1985 Fabium

330 2009 660 2082 consulem
688 2009 1023 2083 habuisset.
1075 2017 1408 2082 Caeterum
1445 2017 1654 2082 multo
1678 2015 1900 2109 Appio
1930 2038 2123 2110 quam
2169 2016 2294 2082 Fa·-

333 2109 442 2180 bio
463 2111 828 2182 violentior
850 2107 994 2179 fuit.
1049 2114 1214 2182 Non
1239 2111 1424 2203 enim
1452 2112 1712 2183 vincere
1759 2135 2010 2183 tantum
2052 2113 2290 2192 noluit,

295 2280 299 2283 ,
336 2233 404 2281 ut
447 2210 771 2280 Fabianus
801 2210 1123 2280 exercitus
1149 2207 1307 2293 ,sed
1333 2212 1503 2281 vinci
1541 2213 1771 2281 voluit.
1825 2214 2185 2283 Productus
2222 2213 2292 2283 in

334 2310 573 2387 aciem,
589 2310 762 2404 turpi
786 2304 936 2407 fuga
964 2311 1126 2403 petit
1147 2308 1375 2387 castra,
1400 2334 1517 2380 nec
1538 2334 1687 2380 ante
1715 2311 1940 2409 resti-tit
1960 2363 1975 2388 ‚
1993 2336 2187 2407 quam
2212 2309 2296 2380 fi-

328 2435 457 2507 gna
476 2404 875 2479 inferentem
901 2405 1219 2479 Volscum
1247 2409 1667 2480 munimentis
1693 2410 1851 2477 vidit
1870 2456 1888 2487 ,
1909 2408 2295 2506 foedamque

328 2507 609 2579 extremi
628 2508 902 2604 agminis
926 2509 1195 2578 caedem.
1238 2512 1422 2579 Tum
1460 2502 1747 2601 expreffa
1774 2509 1866 2576 vis
1894 2508 1971 2575 ad
2003 2514 2300 2606 pugnari-'-

328 2607 509 2684 dum,
532 2628 605 2675 ut
638 2606 998 2698 vistor'jam
1034 2606 1070 2675 a
1109 2607 1284 2675 vallo
1321 2603 1819 2675 submoveretur
1853 2605 2054 2675 hostis
2087 2635 2102 2675 z
2143 2602 2292 2676 satis

327 2729 551 2777 tamen
584 2727 928 2801 appareret
956 2753 978 2788 ‚
1017 2705 1159 2800 capi
1194 2726 1448 2774 tantum
1483 2703 1685 2773 castra
1721 2705 1996 2774 militem
2036 2706 2294 2775 Roma-

324 2830 483 2877 num
505 2792 806 2876 noluiffe.
858 2805 963 2874 alii
999 2805 1284 2903 gaudere
1318 2799 1421 2872 sua
1457 2804 1638 2873 clade
1677 2796 1882 2900 atque
1905 2804 2291 2902 ignominia.

2020 2901 2206 2992 an
2218 2929 2294 2971 us

329 2996 455 3064 quod
469 3001 528 3049 τὶ
550 3001 674 3047 unico
686 2997 935 3061 intelligere
948 2997 1019 3047 vel
1034 2998 1183 3046 noluit
1195 2999 1266 3047 vel
1353 2999 1416 3047 ᾱο
1431 2996 1581 3046 multo
1594 2994 1799 3061 grandius
1828 3002 1878 3049 &
1894 2997 2117 3046 efficacius
2133 3033 2146 3053 ,
2177 3002 2225 3047 8<
2239 2994 2300 3047 ad

329 3083 425 3115 non
438 3071 602 3132 potuit.
632 3064 761 3131 Qid
775 3069 1060 3130 miri‚iuquit
1076 3104 1089 3121 ,
1107 3065 1138 3113 (i
1152 3070 1268 3115 victa
1354 3072 1450 3115 vim
1475 3082 1570 3130 qua:
1600 3065 1787 3113 instabat
1809 3102 1822 3121 .
1864 3074 1911 3117 ἐκ
1937 3060 2000 3113 'ad
2025 3063 2298 3129 praefidium.

331 3134 385 3183 fit
400 3138 528 3183 unius
550 3137 821 3184 auctoritas?
851 3140 972 3183 Tum
987 3171 999 3191 ‚
1016 3134 1268 3197 quipotue-
1355 3131 1481 3198 quod
1495 3138 1539 3180 in
1553 3150 1611 3180 co
1623 3136 1871 3196 ponebatur
1889 3170 1901 3188 ‚
1934 3129 2303 3196 exprimendum.

332 3206 425 3252 tint
452 3208 598 3251 Patres
625 3218 800 3250 tantum
825 3203 912 3264 spei
932 3203 1092 3251 habere
1118 3205 1245 3249 inim
1356 3206 1428 3265 qui
1460 3218 1571 3248 uuus
1601 3203 2067 3248 taeaetotortentivevut
2096 3199 2214 3245 obex
2242 3205 2297 3251 δε

330 3267 552 3334 pedienda
576 3270 667 3332 {ege
685 3307 699 3325 ‚
728 3268 759 3317 si
776 3286 918 3318 unum
945 3268 1272 3318 tantummodo
1355 3270 1601 3317 fizmiffima
1638 3270 1784 3315 molt-s
1823 3282 2136 3331 opponeretur.
2189 3265 2301 3316 Inde

330 3338 563 3387 consulem
577 3353 659 3400 pro
673 3339 713 3385 se
728 3338 966 3387 habebant?
983 3334 1273 3401 Responde-o,
1356 3340 1478 3384 enim
1499 3340 1642 3399 petita
1672 3335 1929 3383 transsatio:
1958 3350 2131 3396 aggeres
2144 3336 2298 3392 obices,

325 3404 1013 3471 potuerunttamen,liunusille
1025 3422 1109 3468 pro
1123 3408 1279 3453 omni·
1356 3407 1536 3469 objefius
1555 3440 1566 3456 ‚
1591 3408 1641 3453 8(
1670 3406 1800 3467 objici
1822 3400 2046 3449 dicuntur.
2080 3407 2241 3451 statius
2259 3422 2303 3462 3.

324 3476 442 3527 ⁶bus:
472 3490 522 3521 ut
539 3476 733 3521 Marcius
760 3475 983 3537 Philippus
1012 3476 1278 3536 Pompeium
1361 3468 1577 3517 Thebaid.
1609 3478 1711 3518 Cum
1733 3489 1863 3535 vagus
1885 3473 1931 3517 in
1955 3485 2118 3537 campos
2130 3472 2305 3534 frustra

337 3555 437 3588 non
461 3537 611 3588 modo
624 3542 890 3602 proconsule
905 3578 919 3597 ‚
947 3538 1021 3589 sed
1045 3544 1182 3588 etiam
1197 3558 1279 3603 pro
1355 3539 1664 3605 promentibus
1676 3539 1769 3583 exit
1787 3538 2018 3601 objicibm.
2039 3537 2129 3589 Lib.
2148 3555 2190 3596 4.
2204 3556 2305 3586 ma.

339 3608 600 3656 consulibus
619 3608 765 3665 ajebat
789 3612 981 3656 mittere.
1012 3611 1168 3657 Ethoc
1185 3611 1282 3656 vuit
1356 3607 1758 3671 gnumqueobjeffius
1769 3609 1929 3651 detinet
1941 3622 2123 3653 amnem.
2157 3608 2306 3659 Lib,6.

344 3678 495 3723 Livius
507 3674 733 3745 τᾷκηίιο,
749 3678 840 3723 hoc
852 3679 932 3732 est,
947 3679 1079 3725 unice
1090 3682 1138 3726 ὅ(
1154 3679 1280 3737 supra
1371 3674 1756 3738 Oljeffusgcminir
1768 3674 2009 3722 umbonibus
2029 3693 2056 3721 a
2117 3692 2159 3721 er
2175 3682 2304 3724 Cam-

346 3758 508 3800 oannes
519 3740 639 3800 adid
649 3758 757 3810 apto
767 3743 978 3809 fortique.
1003 3747 1159 3810 Itaque
1170 3746 1284 3812 σψ-
1356 3756 1466 3810 pune
1477 3742 1595 3798 exire
1612 3753 1750 3797 vetat.
1777 3742 1925 3793 Livius
1939 3742 2056 3793 infra
2098 3758 2121 3789 c
2135 3744 2302 3804 Appio:

2151 3814 2309 3878 propu-
