2593 4366
372 142 533 213 Δ180
1074 141 1083 144 ’
1114 144 1210 214 Τ.
1305 147 1363 213 L
1414 166 1443 213 1
1492 159 1534 211 v
1588 164 1616 210 1
1671 164 1700 212 ι

408 242 608 322 diota,
626 260 697 312 ut
720 261 850 313 non
880 243 1224 316 Menenius
1250 291 1271 323 ,
1308 241 1605 338 precibus
1630 241 1750 310 suis
1789 246 2216 325 aut's’atruin,
2253 240 2374 319 sect

376 367 553 410 eum
580 343 784 411 multa
806 341 1036 412 fiducia
1055 343 1446 410 innocentia:
1463 342 1817 437 gratiaeque
1839 340 2214 413 tribunitios
2239 347 2372 415 im·-

381 459 597 536 ‘petus
620 440 793 509 tulit.
844 442 929 511 Et
950 438 1094 511 huic
1118 441 1409 535 praeliurn
1449 465 1596 507 cum
1627 434 1859 508 Tuscis
1893 441 1970 508 ad
1997 442 2371 530 janiculum

406 561 544 608 erat
565 539 841 608 crimini⁴
895 536 999 608 sed
1018 535 1246 608 fervidi
1267 537 1464 607 animi
1496 538 1616 614 vir,
1635 559 1704 604 ut
1734 539 1800 606 in
1826 540 2376 636 publioopericu-

405 639 671 713 lo'ante,
693 636 772 706 fic
793 660 929 706 tum
949 637 1014 706 in
1039 635 1151 706 suo
1172 684 1192 716 ‚
1211 663 1340 706 non
1361 629 1660 705 tribunos
1686 639 1889 705 modo
1909 685 1929 714 ,
1967 637 2072 708 sed
2101 641 2371 735 plebem

407 737 712 804 oratione
733 731 940 808 feroci
965 733 1339 816 refutandO,
1355 735 1950 831 exprobrandoque
1967 742 2057 806 T⁴
2079 740 2376 812 Menenii

285 874 317 881 —*
407 835 897 906 damnationem
920 857 1342 931 mortemque
1370 837 1587 924 (cujus
1612 835 1806 928 patris
1832 859 2096 907 numere
2116 838 2383 910 restitu-

405 953 472 1001 ta
493 934 826 1030 quondam
847 936 1032 1031 plebs
1056 979 1077 1014 ‚
1098 929 1231 1004 ¹eos
1257 938 1273 1001 i
1331 931 1430 1007 sos
1450 933 1686 1029 quibus
1724 955 1859 1001 tum
1883 932 2131 1006 steviret
2159 938 2383 1035 magi-

412 1030 797 1110 stratus,eas
822 1037 1000 1133 leges
1025 962 1339 1113 habereil)
1382 1033 1738 1125 periculum
1781 1034 2038 1101 audacia
2062 1033 2376 1108 discussit.

411 1131 578 1222 juvit
610 1143 676 1206 δε
693 1135 1032 1231 Virginius
1054 1135 1312 1229 collega
1335 1129 1514 1199 testis
1539 1132 1889 1226 produstus
1917 1133 2381 1228 participando

388 1230 676 1302 laudes:
728 1233 933 1330 magis
954 1254 1171 1301 tamen
1207 1231 1670 1303 Menenianuin
1715 1231 1933 1321 (adeo
1960 1254 2386 1305 mutaverant

314 1330 746 1412 53ani1num)
786 1327 1030 1429 profuit
1067 1331 1402 1424 judicium.
1455 1342 1483 1374 ²
1526 1330 1907 1397 Certamina
1943 1329 2123 1398 domi
2160 1329 2389 1402 finita.

417 1435 668 1501 Veiens
705 1431 952 1501 bellum
992 1454 1341 1514 exortum3
1382 1426 1615 1524 quibus
1643 1426 1859 1499 Sabini
1894 1453 2068 1497 arma
2089 1432 2385 1521 conjun-

396 1551 671 1600 ¹iterant.
725 1539 795 1600 Ι).
838 1531 1140 1602 Valerius
1178 1525 1428 1600 Consul
1462 1526 1681 1595 accitis
1722 1527 2105 1596 Latinorum
2129 1528 2386 1598 Herni-

421 1651 788 1725 corumque
809 1631 1057 1698 auxiliis
1078 1676 1097 1708 ,
1123 1654 1270 1697 cum
1289 1626 1580 1696 exercitu
1625 1626 1831 1695 Veios
1874 1625 2082 1697 miss'us
2109 1676 2129 1709 ‚
2170 1626 2381 1698 castra

395 1724 679 1802 Sabina,
706 1752 848 1823 quae
870 1753 990 1821 pro
1013 1726 1345 1797 moenibus
1368 1723 1687 1794 sociorum
1708 1726 1921 1793 locata
1942 1749 2125 1795 erant
2146 1770 2166 1804 ‚
2209 1751 2384 1796 con-

417 1818 633 1892 festim
660 1827 1075 1932 aggrediturz
1110 1847 1491 1920 tantamque
1512 1823 2018 1917 trepidationem
2038 1827 2280 1916 injecit,
2304 1847 2385 1895 ut

420 1922 575 1991 dum
612 1922 872 2016 dispersi
895 1926 999 1993 alii
1033 1925 1155 1993 alia
1187 1921 1634 2018 manipulatim
1664 1947 2014 1993 excurrunt
2053 1927 2130 1993 ad
2152 1949 2388 1993 arcen-

404 2020 573 2090 ‘dam
597 2021 879 2092 hostium
902 2025 1059 2102 vim,
1083 2047 1158 2093 ea
1175 2043 1367 2117 porta
1393 2077 1408 2103 ‚
1429 2021 1530 2089 cui
1551 2018 1721 2116 ligna
1740 2023 2021 2117 primum
2039 2023 2386 2103 intulerat,

422 2141 783 2214 caperetur.
821 2123 990 2192 intra
1008 2123 1249 2193 vallum
1273 2120 1505 2190 deinde
1528 2119 1735 2190 credes
1761 2124 1965 2219 magis
1996 2147 2188 2222 quam
2213 2148 2382 2218 prae-

422 2218 580 2288 lium
600 2216 744 2290 else.
771 2225 1086 2291 tumultus
1120 2221 1155 2291 ὲ
1191 2218 1411 2291 castris
1434 2229 1495 2291 δι
1525 2222 1589 2286 in
1611 2220 1838 2291 urbem
1861 2242 2157 2315 penetrat
2177 2265 2197 2300 ‚
2229 2244 2383 2291 tan-

398 2341 621 2413 ·quam
646 2322 829 2390 Veiis
852 2324 1089 2417 captis,
1107 2321 1195 2390 ita
1221 2319 1434 2415 pavidi
1453 2319 1768 2393 Veientes
1794 2323 1870 2389 ad
1892 2346 2064 2391 arma
2085 2341 2380 2390 currunt.

422 2439 570 2510 pars
589 2417 839 2489 Sabinis
858 2443 1012 2491 eunt
1032 2418 1309 2490 subsidio
1328 2462 1348 2497 ‚
1391 2442 1534 2513 pars
1578 2396 1923 2487 Romanos
1946 2442 2094 2489 toto
2126 2420 2386 2514 impetu

424 2516 714 2585 intentos
737 2522 802 2588 in
819 2521 1013 2589 castra
1045 2519 1448 2589 adoriuntur.
1501 2514 1826 2611 Paulisper
1867 2517 2070 2597 aversi
2102 2517 2387 2587 turbati-

423 2640 552 2710 que
575 2612 735 2686 sunt.
786 2617 1021 2690 deinde
1045 2629 1107 2692 δι
1132 2617 1247 2714 ipsi
1270 2640 1555 2714 utroque
1591 2615 1786 2686 versis
1811 2616 2002 2714 lignis
2043 2615 2340 2687 resistunt
2364 2644 2386 2688 ε

425 2725 491 2787 δι
515 2739 716 2812 eques
755 2718 836 2785 ab
875 2716 1139 2788 consule
1180 2711 1490 2787 immiffus
1518 2712 1771 2783 Tuscos
1809 2711 2019 2784 fundit
2044 2712 2388 2812 fugatque.

354 2843 360 2849 ·
425 2813 789 2910 eademque
811 2815 972 2885 hora
991 2818 1122 2886 duo
1146 2816 1469 2886 exercitus
1493 2859 1511 2890 ,
1536 2814 1675 2883 duce
1733 2839 1809 2881 ue
1828 2815 2287 2907 potemiffimae
2309 2823 2379 2886 &

428 2911 727 2983 maxima:
751 2911 1040 2989 finitiniae
1059 2938 1316 3013 gentes,
1341 2910 1646 3007 superata:
1709 2934 1843 2979 unt.
1899 2914 2083 2979 Dum
2118 2911 2254 2982 haec
2300 2905 2400 2982 a‘d'

423 3011 638 3081 Veios
657 3035 995 3108 geruntur,
1018 3012 1245 3085 Volsci
1266 3013 1577 3109 AEquique
1597 3009 1663 3077 in
1688 3011 1925 3079 Latino
1956 3033 2114 3103 agro
2151 3006 2398 3103 posue-

428 3132 574 3178 rant
597 3109 1262 3211 castra‚populatique
1285 3113 1444 3183 fines
1466 3128 1672 3178 erant.
1703 3134 1819 3178 eos
1845 3134 1956 3203 per
1975 3106 2034 3177 se
2065 3108 2180 3206 ipsi
2202 3109 2394 3179 Lati-

432 3210 499 3278 ni
522 3204 845 3306 alsumptis
867 3212 1169 3281 Hernicis
1192 3211 1321 3282 fine
1347 3216 1654 3282 Ro‘i‘nano
1678 3230 1784 3277 aut
1804 3209 2111 3285 duce‚aut
2142 3209 2389 3279 auxilio

433 3305 654 3377 castris
677 3332 1015 3380 exuerunt.
1070 3314 1330 3409 Ingenti
1372 3308 1583 3408 praeda
1607 3328 1840 3403 praeter
1877 3304 2013 3377 suas
2039 3334 2386 3401 recupera-

434 3425 533 3475 tas
575 3432 677 3478 res
716 3410 913 3504 potiti
948 3407 1118 3480 sunt.
1167 3408 1381 3481 missus
1416 3428 1657 3497 tamen
1688 3406 1770 3477 ab
1806 3411 2025 3479 Roma
2060 3403 2281 3477 consul
2318 3408 2390 3477 in

1485 3500 1500 3513 ⁸
1826 3531 1833 3538 ·
2215 3507 2396 3574 Vol-

609 3636 650 3677 Ο
691 3644 728 3680 R
765 3647 799 3679 ο
837 3644 873 3678 n
918 3647 952 3678 o
993 3644 1031 3682 v
1076 3648 1095 3680 x
1143 3648 1183 3682 ι.
1455 3604 1628 3651 Censen
1653 3618 1750 3651 uno
1767 3604 1915 3664 spiuitu
1944 3599 2210 3666 legendum:
2243 3609 2392 3652 certa.

1450 3676 1565 3718 mine
1589 3674 1706 3721 domi
1716 3673 1847 3736 finito
1860 3709 1876 3733 ,
1909 3677 2059 3740 Vejens
2083 3673 2239 3721 bellum
2263 3682 2394 3734 exors

502 3741 532 3779 1
577 3736 821 3784 strumina
844 3736 964 3783 domi
977 3736 1130 3797 finita.
1176 3737 1378 3803 mima]
1448 3751 1560 3788 tum.

2139 3803 2390 3857 viimo-3
