2593 4366
132 221 148 232 ,
891 136 953 211 L
997 161 1033 217 ι
1073 157 1121 215 t
1166 161 1212 214 n
1255 145 1310 215 k
1402 138 1445 214 1
1465 135 1557 214 X.
2041 138 2197 239 ⁶97*

207 229 564 345 §cratoris
576 231 926 318 dederunt.
941 243 1000 313 is
1021 242 1344 316 victorem
1361 240 1728 328 detractum
1745 262 1829 313 ex
1844 265 2024 341 equo
2046 267 2192 315 ma-

217 342 509 445 gistrum
526 341 858 439 equitum,
881 342 1114 440 plenus
1136 341 1444 413 moeroris
1461 341 1790 444 atqueitae
1808 341 2184 418 trucidavit=

218 464 351 516 nec
375 439 669 512 multum
688 437 897 511 abfuit
920 483 942 522 ,
964 441 1123 540 quin
1139 464 1423 538 corpore
1439 443 1636 514 etiam
1660 484 1682 520 ,
1704 440 1854 539 quia
1868 444 2041 514 inter
2056 441 2187 516 ho..

217 541 406 615 stiles
427 538 770 611 ceciderat
790 560 1036 611 turmas
1054 586 1077 620 ,
1111 539 1435 613 Samnites
1472 541 1868 637 potirentur.
1919 542 2049 614 Sed
2063 568 2188 615 ex-

215 640 490 737 templo
512 638 598 714 ad
620 639 819 736 pedes
842 637 1219 714 descensum
1236 638 1320 709 ab
1340 640 1663 710 Romanis
1679 636 1777 712 est
1797 684 1821 720 ,
1838 641 2185 739 coactique

212 739 403 810 idem
424 737 763 811 Samnites
786 734 1027 812 facere.
1055 748 1121 813 &
1150 738 1490 836 repentina
1520 739 1683 810 acies
1713 737 1885 812 circa
1903 766 2185 838 corpora

214 839 473 913 'ducum
500 835 808 934 pedestre
825 839 1119 935 praelium
1149 839 1294 909 iniit
1318 884 1343 918 2,
1368 861 1505 935 quo
1525 836 1694 908 haud
1716 839 1910 912 dubie
1927 837 2190 937 superat

218 939 579 1013 Romanus
595 963 615 1006 t
631 957 1215 1035 recuperatumque
1234 938 1414 1006 Aulii
1428 961 1665 1034 corpus
1688 935 1871 1007 mista
1892 963 2038 1011 cum
2064 940 2192 1012 do·-

219 1035 372 1105 lore
390 1037 628 1107 laetitia
645 1037 931 1108 victores
950 1035 1019 1105 in
1036 1035 1240 1107 castra
1256 1032 1572 1108 referunt.
1617 1036 1936 1108 Samnites
1958 1081 1979 1116 ‚
2019 1040 2187 1112 duce

226 1131 561 1215 amifl'o‚&
588 1159 707 1231 per
726 1133 1026 1234 equestre
1044 1156 1380 1214 certamen
1399 1135 1666 1225 tentatis
1690 1135 2191 1222 viribuS,omiffa

145 1233 148 1238 '
216 1234 744 1331 Saticula,quam
766 1233 1203 1331 nequicquam
1222 1232 1491 1307 defendi
1514 1235 1931 1315 rebantur-,ad
1956 1234 2190 1309 Plistiae

214 1330 651 1405 obsidionem
671 1333 981 1406 redeuntt
1001 1333 1302 1431 intraque
1325 1359 1566 1430 paucos
1583 1335 1722 1405 dies
1742 1335 2193 1407 SaticulazRo-

143 1441 146 1442 ’
217 1439 466 1502 manus
494 1454 613 1526 per
628 1430 1036 1503 deditionem
1058 1484 1078 1514 ,
1097 1430 1319 1504 Plistia
1346 1458 1463 1528 per
1481 1433 1890 1516 vimSamnis
1915 1437 2190 1531 potitur.

213 1533 501 1603 Mutata
523 1528 677 1598 inde
697 1529 853 1599 belli
873 1526 1055 1601 sedes
1070 1529 1189 1602 est.
1221 1531 1300 1601 ad
1315 1537 1545 1614 Soram
1563 1531 1600 1602 ὲ
1623 1532 1890 1604 Samnio
1913 1535 2183 1630 Apulia·
2203 1559 2237 1606 2
2247 1537 2290 1630 ς’

215 1653 357 1724 que
382 1627 705 1720 tradufiae
720 1629 1044 1727 legiones.
1092 1636 1254 1703 Sora
1270 1629 1349 1699 ad
1370 1632 1691 1701 Samnites
1712 1627 2070 1722 defecet-aq
2084 1633 2190 1703 in-

214 1722 540 1800 terfeffiis
559 1728 816 1797 colonis
838 1730 1322 1800 Romanorum.
1347 1754 1484 1825 quo
1507 1754 1708 1828 quum
1730 1730 1911 1828 prior
1928 1735 2191 1804 Roma-

210 1849 343 1894 nus
366 1822 704 1896 exercitus
728 1828 804 1897 ad
824 1825 1260 1905 ulciscendam
1280 1829 1520 1899 civium
1541 1853 1772 1901 necem
1794 1856 2193 1929 recuperan-

210 1923 372 1994 dam
435 1947 519 1995 ue
556 1926 888 1997 coloniam
927 1928 1180 2026 magnis
1217 1928 1561 1999 itineribus
1613 1928 2003 2025 pervenisset
2038 1978 2062 2013 ‚
2112 1941 2183 2008 δε

214 2018 369 2118 spar
403 2049 423 2092 ι
449 2046 570 2121 per
587 2024 722 2096 vias
747 2021 1189 2122 speculatores
1212 2082 1229 2110 ,
1251 2024 1429 2126 sequi
1447 2028 1742 2127 legiones
1764 2032 2181 2113 Samnitium,

211 2145 344 2193 nec
369 2124 508 2215 jam
534 2126 768 2220 procul
790 2125 996 2199 abeffe
1018 2171 1040 2206 ‚
1082 2127 1188 2197 alii
1213 2122 1399 2224 super
1419 2130 1582 2198 alios
1604 2130 2023 2213 nunciarent,
2056 2131 2187 2200 ob·-

212 2221 397 2292 viam
420 2223 590 2293 itum
634 2223 844 2305 hosti,
874 2248 1072 2324 atque
1108 2225 1188 2297 ad
1209 2229 1518 2297 Lautulas
1543 2230 1807 2325 ancipiti
1826 2230 2052 2324 praelio
2080 2229 2185 2298 di-

211 2320 542 2391 micatum
561 2320 681 2392 est.
721 2348 857 2392 non
894 2325 1104 2394 caedes
1128 2367 1150 2401 ‚
1190 2347 1326 2391 non
1349 2320 1502 2421 fuga
1519 2326 1996 2422 alteriuspartis
2015 2369 2036 2402 ,
2067 2321 2181 2419 sed

212 2442 354 2489 nox
376 2420 670 2491 incertos
701 2421 857 2489 vieti
895 2418 1264 2491 victoresne
1281 2417 1485 2488 essent
1509 2464 1531 2500 ‚
1563 2422 1846 2492 diremit.
1898 2423 2181 2493 Invenio

211 2517 394 2611 apud
415 2512 732 2613 quosdam
756 2561 777 2595 ‚
810 2513 1139 2601 adversam
1159 2541 1304 2586 eam
1329 2540 1612 2614 pugnam
1636 2520 1953 2590 Romanis
1970 2517 2182 2609 fuiss'e,

215 2636 511 2710 atquem
527 2637 602 2682 ea
626 2612 920 2685 cecidisse
958 2620 1058 2698 Q.
1091 2615 1358 2686 Aulium
1384 2661 1404 2694 ‚
1445 2617 1824 2713 magistrum
1857 2621 2181 2717 equitum.

219 2709 556 2787 Suffectus
596 2714 661 2783 in
684 2716 908 2785 locum
944 2714 1124 2785 Aulii
1163 2719 1249 2787 C.
1270 2713 1506 2785 Fabius
1528 2716 1835 2815 magister
1854 2720 2176 2815 equitum,

222 2836 381 2883 cum
404 2812 697 2882 exercitu
718 2839 894 2887 novo
918 2812 1000 2884 ab
1018 2818 1240 2887 Roma
1258 2815 1518 2886 advenit
1537 2846 1557 2902 ς
1585 2827 1649 2891 δι
1675 2841 1792 2914 per
1810 2818 2169 2915 praemiffos

214 2912 500 2983 nuncios
522 2909 827 2984 consulto
846 2913 1195 2997 dictatore,
1216 2912 1327 2983 ubi
1347 2910 1740 2994 sublisteret‚
1809 2943 1977 2988 uove
1993 2942 2171 2990 tem-

171 3020 176 3024 ’
217 3035 406 3107 pore,
428 3021 493 3086 ἃ
515 3038 643 3111 qua
661 3038 741 3084 ex
765 3034 948 3110 parte
967 3011 1223 3085 hostem
1246 3016 1740 3113 aggrederetur,
1758 2942 2037 3086 ilubstitit
2052 3042 2175 3089 oc-

221 3110 437 3178 cultus
471 3152 493 3189 ,
529 3114 604 3183 ad
638 3113 863 3183 omnia
902 3110 1047 3183 satis
1069 3114 1444 3208 ¹exploratis
1480 3112 1783 3184 consiliis.
1853 3117 2171 3188 Dictator

222 3231 430 3301 quum
471 3233 585 3303 per
615 3213 868 3310 aliquot
901 3214 1038 3283 dies
1076 3210 1217 3307 post
1257 3236 1540 3309 pugnam
1574 3210 1989 3288 continuisset
2020 3211 2167 3287 suos

225 3304 400 3373 intra
435 3309 675 3377 vallum
700 3354 722 3388 ,
763 3308 996 3383 obseffi
1038 3312 1245 3409 magis
1284 3335 1480 3408 quam
1522 3311 1881 3384 obfidentis
1926 3315 2170 3403 mod03

1912 3412 1952 3483 fi
2008 3441 2162 3486 num

225 3498 449 3549 versatim
466 3533 480 3559 ,
510 3513 608 3563 qua:
624 3500 885 3566 intelligitur
904 3540 916 3560 .
931 3505 1010 3567 fid
1025 3542 1041 3563 ,
1069 3518 1164 3554 non
1235 3506 1411 3555 Omnes
1440 3500 1625 3568 quidem
1650 3506 1902 3569 petierunt,
1931 3440 2008 3558 segd
2030 3510 2166 3560 frater

230 3567 511 3627 copulativa·
562 3565 677 3616 Vide
703 3570 954 3634 α’)τίθπσυ.
990 3584 1164 3630 omner,
1232 3571 1428 3621 defuncti
1448 3576 1592 3636 tetigit
1610 3576 1816 3639 scopum.
1855 3580 1919 3623 lta
1934 3594 2081 3625 autem
2104 3582 2163 3627 lt·-

231 3638 312 3699 qui
332 3638 448 3682 circa
471 3651 594 3683 erant
609 3671 623 3691 ,
655 3639 703 3684 in
721 3644 896 3689 Aulium
910 3654 1067 3690 temere
1094 3645 1158 3689 in-
1233 3638 1428 3703 gendum
1442 3644 1490 3690 ὅ(
1509 3639 1870 3704 distinguendum
1889 3663 1899 3690 :
1919 3660 2033 3703 non,
2052 3653 2168 3697 wul-

224 3704 398 3756 vedum
405 3720 481 3767 per
494 3704 674 3767 bostium
688 3707 865 3763 iar-mu,
883 3711 973 3760 tela
985 3713 1162 3772 conjece·
1234 3712 1374 3756 titudo
1396 3714 1542 3756 omnis.
1582 3709 1687 3781 Q
1712 3716 1823 3762 cim
1851 3729 1990 3768 nane.
2024 3714 2174 3787 Qud

216 3782 348 3827 umn-
367 3773 514 3841 fraem'
526 3774 786 3844 pacientum
800 3778 922 3826 decus
936 3778 1019 3826 utu·
1036 3812 1051 3835 ‚
1066 3784 1156 3829 ccc.
1237 3783 1285 3827 ὁ(
1308 3780 1513 3840 Sigonius
1530 3775 1662 3825 vidit.

1459 3849 1607 3908 >415
2037 3855 2172 3903 ePro
