2593 4366
450 169 588 245 3¹0
1115 148 1211 225 T.
1306 150 1370 223 L·
1423 169 1455 223 1
1507 172 1548 223 v
1602 174 1628 225 1
1685 165 1715 220 ι

445 250 842 346 riorjudicio
876 249 1099 324 matris
1134 241 1261 322 esse
1283 295 1305 329 ‚
1339 276 1483 347 quae
1505 277 1698 349 quam
1721 243 2244 347 splendidiffimis
2267 243 2388 324 nu?-

446 350 606 446 ptiis·
633 353 815 450 jungi
846 352 1126 447 puellam
1165 351 1452 422 volebat.
1483 371 1775 429 tutoreS,
1812 350 1878 418 in
1916 372 1991 418 ea
2025 371 2384 446 quoquere

445 449 724 546 partium
746 474 1072 520 memores
1092 469 1116 533 ·,
1132 450 1210 520 ad
1234 447 1412 519 suum
1433 449 1724 520 tendere.
1766 454 1992 543 Qum
2028 473 2124 517 res
2162 447 2383 547 peragi

439 549 609 618 intra
629 548 907 643 parietes
929 545 1268 647 nequisset,
1289 570 1554 621 ventum
1574 548 1640 616 in
1663 548 1762 639 jus
1785 547 1904 616 est.
1928 546 2253 644 postulatu
2275 572 2390 616 au-

441 646 584 717 dito
601 647 823 716 matris
844 671 1269 752 tutorumque
1289 698 1309 728 ‚
1331 644 1738 746 magistratus
1776 642 2125 716 secundum
2149 671 2388 742 paren-

438 746 520 813 tis
542 744 878 818 arbitrium
898 747 1053 817 dant
1073 750 1171 841 jus
1195 747 1585 844 nuptiarum.
1639 740 1747 814 sed
1768 745 1862 814 vis
1882 746 2220 840 potentior
2243 741 2390 815 fuit·

440 867 723 940 namque
745 865 992 920 tutores
1012 848 1182 917 inter
1196 843 1314 918 suae
1332 846 1526 941 partis
1548 843 1847 914 homines
1867 898 1884 924 ,
1916 842 2001 912 de
2026 842 2256 935 injuria
2273 843 2391 914 de-

439 942 602 1019 creti
626 944 836 1040 palam
857 946 922 1014 in
944 943 1095 1016 foro
1114 946 1525 1022 concionati,
1547 967 1742 1013 manu
1761 937 1931 1010 faeta
1953 940 2274 1041 virginem
2293 965 2379 1013 ex

439 1041 647 1113 domo
690 1044 915 1113 matris
957 1044 1234 1140 rapiunt.
1289 1040 1588 1113 adversus
1629 1061 1794 1139 quos
1828 1037 2120 1112 infestior
2153 1061 2388 1120 coorta

437 1141 855 1236 optimatium
871 1144 1039 1213 acies
1056 1139 1343 1238 sequitur
1357 1137 1693 1212 accensum
1711 1139 1942 1232 injuria
1959 1139 2287 1229 juvenem.
2306 1137 2389 1210 fit

435 1241 729 1336 praelium
753 1262 963 1310 atrox.
1017 1238 1199 1313 Pulsa
1222 1241 1436 1336 plebs,
1458 1239 1616 1311 nihil
1650 1242 1972 1311 Romanae
2007 1236 2183 1334 plebi
2206 1237 2384 1306 fimi-

433 1337 538 1417 lis,
566 1361 812 1411 armata
841 1363 920 1410 ex
955 1338 1115 1409 urbe
1147 1337 1445 1436 prose&a
1468 1393 1489 1424 ,
1525 1340 1697 1409 colle
1718 1338 2005 1436 quodam
2041 1358 2233 1432 capto
2253 1379 2276 1412 ,
2305 1335 2379 1409 in

434 1459 630 1532 agros
652 1440 1065 1535 optimatium
1084 1455 1231 1509 cum
1255 1434 1429 1510 ferro
1464 1438 1728 1537 ignique
1763 1434 2171 1506 excursiones
2193 1430 2374 1506 facit.

434 1535 665 1605 urbem
691 1563 983 1634 quoque,
999 1538 1212 1609 omnis
1232 1540 1425 1609 etiam
1446 1558 1782 1634 expertem
1802 1554 1952 1604 ante
1974 1532 2383 1616 certaminis,

435 1635 853 1705 multitudine
872 1637 1185 1732 opificum
1212 1638 1298 1708 'ad
1318 1635 1492 1733 spem
1511 1636 1738 1733 praedae
1759 1653 2055 1711 evocata,
2076 1630 2382 1705 oblidere

433 1754 637 1827 parat.
655 1758 773 1802 nec
792 1736 921 1804 ulla
942 1732 978 1804 s
969 1735 1213 1831 pecies,
1234 1732 1576 1835 cladesque
1598 1733 1755 1803 belli
1773 1731 1990 1817 abest3
2015 1734 2194 1801 velut
2215 1755 2382 1803 con-

433 1831 609 1902 taeta
638 1831 901 1902 civitate
936 1833 1111 1903 rabie
1147 1836 1425 1904 duorum
1443 1836 1746 1927 juvenum
1769 1887 1785 1912 ‚
1823 1826 2100 1901 funestas
2120 1832 2375 1923 nuptias

433 1952 515 1998 ex
540 1926 771 1998 occasu
794 1932 1009 2026 patriae
1032 1933 1418 2026 petent-ium.
1469 1940 1701 2024 Parum
1720 1932 1886 2027 parti
1909 1932 2163 2028 utrique
2185 1930 2374 2000 domi

431 2050 763 2100 armorum
801 2028 1088 2125 bellique
1121 2029 1212 2100 est
1246 2026 1478 2101 visum:
1522 2029 1871 2125 optimates
1914 2031 2259 2100 Romanos
2289 2028 2375 2103 ad

431 2125 736 2198 auxilium
766 2127 938 2197 urbis
957 2125 1265 2215 obsessae3'
1300 2129 1485 2226 plebs
1527 2130 1604 2201 ad
1626 2129 2121 2228 expugnandam
2150 2125 2370 2200 secum

430 2226 721 2295 Ardeam
749 2224 1035 2299 Volscos
1058 2226 1388 2300 excivere.
1437 2231 1696 2302 Priores
1730 2224 1958 2300 Volsci
1978 2228 2140 2298 duce
2161 2229 2380 2324 AEquo

432 2323 682 2393 Cluilio
704 2326 990 2396 Ardeam
1013 2350 1352 2408 venerant,
1377 2339 1441 2404 δι
1466 2326 1796 2400 moenibus
1819 2324 2098 2398 hostium
2119 2326 2376 2398 vallum

430 2422 766 2514 objecere.
815 2426 1021 2518 Qod
1045 2427 1151 2497 ubi
1175 2430 1464 2502 Romam
1486 2429 1576 2500 est
1595 2428 1965 2497 nunciatum
1986 2470 2006 2504 ‚
2025 2428 2374 2522 extemplo

427 2525 526 2594 M.
545 2523 882 2621 Geganius
904 2523 1126 2597 consul
1150 2552 1299 2600 cum
1320 2529 1607 2599 exercitu
1627 2522 1956 2622 profestus
1977 2570 1998 2603 ‚
2025 2526 2148 2594 tria
2168 2526 2376 2595 millia

424 2616 711 2714 palsuum
729 2624 809 2691 ab
831 2623 1017 2695 hoste
1033 2625 1254 2696 locum
1276 2626 1494 2698 castris
1517 2628 1691 2722 cepit
1709 2679 1728 2705 ‚
1768 2623 2213 2722 praecipitique
2233 2626 2372 2716 jam

422 2717 528 2787 die
550 2745 769 2792 curare
800 2748 1077 2820 corpora
1098 2726 1562 2816 militesjubet.
1614 2746 1856 2820 quarta*
1876 2723 2111 2792 deinde
2149 2722 2376 2821 vigilia.

422 2814 598 2912 signa
638 2818 888 2915 profert
922 2849 940 2889 ι
992 2846 1424 2919 coeptumque
1460 2847 1624 2918 opus
1656 2820 1821 2889 adeo
1857 2837 2394 2913 approperatum?

416 2922 534 2991 est,
559 2942 628 2987 ut
651 2917 784 2989 sole
806 2941 963 2989 orto
986 2918 1214 2991 Volsci
1251 2919 1554 2990 firmiore·
1573 2916 1633 2988 se
1667 2916 2076 2987 munimento
2109 2916 2191 2984 ab
2214 2920 2380 2987 Ro..

418 3016 623 3084 manis
650 3018 1201 3094 circumvallatos,
1227 3043 1420 3114 quam
1448 3013 1564 3087 ase
1584 3015 1810 3084 urbem
1832 3012 2153 3082 viderent.
2211 3012 2245 3062 ἃ
2292 3022 2373 3090 δε

417 3113 538 3181 alia
557 3137 737 3212 parte
754 3110 973 3183 consul
996 3138 1184 3183 muro
1205 3116 1437 3186 Ardea:
1458 3113 1790 3185 brachium
1812 3111 2177 3203 injunxerat
2194 3141 2215 3198 ς
2239 3139 2383 3212 qua

309 3236 395 3290 10
417 3236 496 3282 ex
532 3212 782 3309 oppido
813 3209 903 3281 sui
935 3237 1308 3285 commeare
1344 3209 1618 3313 poisent.
1663 3206 1946 3287 Volscus
1979 3211 2379 3309 imperator,

2241 3316 2366 3410 qui

446 3471 504 3521 'd
552 3484 611 3528 Et
646 3479 739 3525 aeb‘ae
757 3491 875 3544 parte
897 3475 1038 3537 confla!
1063 3491 1179 3522 muro
1208 3476 1351 3526 Ardea
1425 3492 1540 3543 opere
1564 3493 1613 3525 ae
1655 3478 1787 3526 vineis
1811 3460 1981 3543 demnis
2004 3476 2204 3542 injustae}
2224 3480 2376 3527 mm?

409 3540 631 3591 bachium
668 3550 931 3612 injunxerat.
962 3549 982 3608 1
1030 3546 1163 3590 Recte
1188 3546 1347 3606 proba·
1429 3546 1522 3592 Lib.
1553 3555 1712 3605 27‚43·.
1752 3550 1985 3594 Grumenti
2007 3548 2216 3593 moem‘bau
2233 3561 2369 3611 prop·

411 3623 510 3658 tum
529 3610 695 3659 Modio
720 3629 877 3661 contra
905 3614 1138 3675 sigonium
1155 3646 1170 3664 ,
1200 3609 1348 3674 quide
1423 3615 1667 3677 instandum
1681 3615 1906 3662 videbatur
1935 3612 2156 3661 Panaim-
2180 3615 2368 3663 mutuum.

406 3678 521 3732 suo.
550 3680 801 3736 immistus.
834 3680 926 3727 ΠΙ).
951 3698 988 3737 ς.
1011 3683 1218 3744 vineaeque
1247 3695 1344 3727 tan·
1425 3683 1496 3728 Sic
1523 3696 1577 3729 ex
1617 3683 1802 3747 optimis
1838 3680 2120 3728 restituimus.
2161 3679 2256 3726 Lib.
2288 3695 2363 3738 37.

399 3756 497 3793 tum
513 3764 592 3793 nm
599 3748 795 3808 injustae
805 3752 1008 3797 manibus
1018 3748 1160 3810 efflat.
1176 3747 1271 3797 Lib.¹
1280 3765 1295 3795 1
1303 3763 1350 3797 0.
1415 3753 1637 3820 utrimque
1647 3751 1790 3805 vinem
1806 3752 1862 3803 ἀ
1872 3764 2070 3833 aggerem
2083 3765 2200 3802 m·
2209 3747 2367 3826 injnft-
2389 3784 2406 3795 .

1067 3828 1078 3844 ’
2253 3827 2356 3871 ὅὸθο
