2593 4366
940 125 1413 197 .L.1'131=,R
1507 124 1599 195 X;
2133 144 2266 217 739

290 215 942 321 prorsus'imbellem
975 245 1256 318 agerent
1296 247 1538 293 annum
1561 275 1580 302 ,
1618 243 1817 317 parva
1833 218 2172 317 expeditio
2193 226 2264 291 in

302 321 587 404 Umbria
619 319 793 392 fasta
808 320 935 391 est:
979 320 1160 417 quod
1198 319 1623 391 nunciabatur
1657 347 1737 391 ex
1771 316 2078 416 spelunca
2097 345 2264 417 qua·

299 424 457 493 dam
473 420 887 492 excursiones
904 442 1305 490 armatorum
1320 419 1387 488 in
1408 443 1599 516 agros
1623 418 1790 490 fieri.
1844 424 1921 488 ln
1942 445 2089 490 eam
2112 418 2263 515 spe-

297 522 565 591 luncam
588 541 998 616 penetratum
1021 543 1171 588 cum
1191 516 1381 614 lignis
1401 528 1492 588 est
1510 547 1526 586 ι
1542 529 1605 591 &
1627 545 1706 590 ex
1728 543 1813 590 eo
1834 521 1992 598 loco
2014 515 2263 590 obscu-

299 645 381 690 ro
399 621 607 689 multa
626 622 894 688 vulnera
916 640 1187 715 accepta
1205 617 1621 713 maximeque
1642 618 1932 714 lapidum
1951 617 2108 698 istu,
2127 619 2257 688 do·-

299 744 424 790 nec
440 723 649 788 altero
667 714 891 814 specus
912 719 1052 810 ejus
1073 741 1191 787 ore
1231 719 1251 806 (
1277 741 1425 786 nam
1445 716 1698 812 pervius
1714 741 1849 787 erat
1874 717 1908 806 )
1944 719 2252 801 invente,

212 893 220 900 ,
297 841 596 914 utraeque
615 813 830 888 fauces
851 813 1177 915 congestis
1203 816 1397 914 lignis
1416 811 1733 885 accensae:
1754 817 1843 885 ita
1861 818 2035 886 intus
2058 812 2249 887 fumo

301 941 379 987 ac
397 941 641 1012 vapore
661 917 738 987 ad
771 917 904 987 duo
921 917 1123 986 millia
1141 937 1541 985 armatorum
1563 969 1582 996 ,
1619 915 1871 983 ruentia
1906 915 2254 988 noviss'ime

295 1014 546 1112 inipsas
568 1014 1052 1094 flammas‚dum
1075 1015 1354 1114 eyadere
1374 1014 1674 1093 tendunt,
1693 1009 2010 1085 absumta.
2027 1017 2253 1087 M.Li-

292 1114 410 1186 vio
435 1119 718 1192 Dentre,
743 1128 772 1161 ⁴
794 1126 859 1188 δι
891 1114 1149 1186 AEmilio
1166 1107 1538 1184 consulibus
1562 1111 1593 1157 ¹²
1613 1111 2259 1209 redintegratum·AE-

351 1215 563 1285 uicum
587 1214 863 1283 bellum.
918 1214 1272 1283 Coloniam
1293 1237 1469 1311 aegre
1488 1211 1812 1308 patientes
1833 1211 2013 1283 velut
2028 1237 2252 1285 arcem

291 1239 419 1384 fuis
439 1312 677 1384 finibus
696 1308 1067 1409 impositam
1086 1357 1110 1392 ,
1144 1310 1394 1382 summa
1410 1311 1474 1380 vi
1493 1335 1871 1409 expugnare
1893 1309 2143 1394 adorti,
2166 1311 2255 1383 ab

206 1495 207 1498 Ἴ
287 1411 445 1509 ipsis
466 1410 727 1482 colonis
764 1411 1119 1508 pelluntur.
1170 1412 1509 1482 Caeterum
1549 1434 1800 1481 tantum
1836 1411 2077 1482 Romae
2112 1433 2257 1482 ter-

295 1536 522 1582 rorem
543 1507 786 1587 fecere,
810 1510 963 1608 quia
984 1511 1089 1581 vix
1109 1508 1424 1581 credibile
1443 1531 1611 1591 erat,
1628 1532 1763 1580 tam
1780 1504 2029 1580 affectis
2051 1511 2253 1581 rebus

295 1606 478 1679 solos
501 1634 616 1705 per
638 1604 700 1679 se
718 1612 959 1708 AEquos
981 1610 1061 1680 ad
1086 1609 1335 1681 bellum
1351 1630 1649 1685 coortos,
1670 1629 1741 1678 ut
1763 1609 2084 1679 tumultus
2103 1611 2253 1702 ejus

295 1703 506 1779 cauffa
522 1708 803 1780 dietator
818 1708 1146 1782 diceretur
1162 1711 1290 1800 C.J
1302 1707 1488 1778 unius
1511 1708 1869 1778 Bubulcus:
1893 1708 1947 1778 is
1965 1732 2115 1786 cum
2140 1712 2250 1783 Μ.

293 1807 562 1878 Titinio
582 1807 892 1906 magistro
911 1810 1209 1906 equitum
1244 1802 1583 1903 profefius
1608 1851 1630 1887 ,
1666 1807 1881 1903 primo
1908 1804 2255 1905 congressu

293 1909 538 2003 AEquos
574 1902 829 2004 subegit
868 1953 890 1986 ,
927 1933 1001 1979 ac
1037 1907 1143 1978 die
1177 1908 1424 1977 o6tavo
1463 1905 1872 2001 triumphans
1903 1906 1971 1978 in
2011 1906 2253 1978 urbem

291 2031 497 2104 quum
531 2002 791 2078 rediffet
816 2062 833 2088 ,
870 2007 1080 2077 aedem
1116 2006 1354 2077 Salutis
1375 2050 1398 2084 ,
1430 2030 1627 2103 quam
1648 2001 1901 2077 Consul
1942 2028 2245 2089 voverat,

291 2101 523 2176 censor
542 2109 900 2187 locaverat,
923 2107 1208 2177 dictator
1230 2105 1576 2178 dedicavit.
1603 2105 1864 2177 Eodem
1886 2129 2060 2176 anno
2078 2104 2241 2177 clas·
2274 2115 2321 2179 2(

292 2202 373 2275 fis
392 2206 784 2277 Graecorum
806 2251 826 2283 ‚
848 2210 1228 2302 Cleonymo
1247 2207 1414 2275 duce
1435 2205 1946 2274 Lacedaemonio
1971 2253 1993 2284 ‚
2012 2205 2091 2274 ad
2110 2209 2250 2274 Ita·
2277 2230 2280 2243 ⁸

292 2304 394 2374 liae
414 2304 608 2372 litora
644 2301 909 2399 appulsa
930 2349 952 2382 ,
991 2305 1276 2373 Thurias
1301 2302 1529 2370 urbem
1566 2303 1648 2373 in*
1669 2303 2020 2374 Salentinis
2044 2303 2255 2397 cepit.

292 2399 625 2474 Adversus
649 2401 822 2471 hunc
851 2400 1108 2470 hostem
1147 2395 1400 2472 Consul
1416 2399 1702 2469 AEmilius
1723 2397 1935 2470 miffus
1955 2444 1976 2478 ‚
2018 2402 2254 2496 praelio

289 2523 424 2570 uno
444 2495 741 2597 fugatum
761 2501 1081 2586 compulit
1102 2499 1167 2569 in
1188 2521 1413 2566 naves.
1462 2495 1733 2568 Thuriae
1753 2497 2020 2568 redditae
2041 2501 2256 2572 veteri

296 2600 537 2670 cultori
561 2626 579 2666 ε
619 2596 1090 2695 Salentinoque
1114 2621 1276 2696 agro
1295 2619 1424 2692 pax
1444 2617 1647 2690 parta.
1699 2598 1960 2693 Junium
1991 2597 2251 2670 Bubul-

294 2724 444 2772 cum
481 2696 876 2767 dietatorem
921 2691 1172 2766 milsum
1206 2697 1275 2766 in
1309 2694 1680 2767 salentinos
1703 2752 1721 2779 ,
1760 2696 1825 2766 in
1860 2693 2249 2793 quibusdam

296 2797 634 2869 annalibus
653 2795 955 2866 invenio:
979 2808 1042 2869 δι
1069 2797 1516 2892 Cleonymum
1540 2795 1714 2891 prius
1736 2841 1756 2875 ‚
1790 2822 1986 2894 quam
2006 2797 2252 2868 confli-

292 2900 582 2997 gendum
600 2893 760 2968 ess‘et
794 2922 945 2967 cum
968 2896 1295 2966 Romanis
1319 2952 1340 2978 ,
1373 2894 1562 2983 Italia
1582 2891 1928 2966 exceffill‘e.
1965 2897 2248 2967 circum-

293 3000 518 3072 vestus
550 2997 703 3069 inde
742 2993 1087 3068 Brundusii
1119 2994 1657 3094 promontorium
1680 3037 1700 3087 ,
1737 2994 2093 3092 medioque
2112 2995 2248 3066 smu

1967 3094 2253 3166 Hadria-

1284 3286 1358 3323 εει
1378 3307 1391 3331 ,
1406 3288 1456 3321 ut
1469 3279 1519 3325 δι
1534 3270 1803 3322 Diodorus.'
1823 3276 2058 3322 Nimirum
2071 3272 2241 3337 scripsit

1283 3344 1456 3397 auctor,
1473 3351 1645 3393 Marcu
1658 3346 1790 3390 Livio
1804 3349 1970 3393 Dentre
1986 3346 2043 3391 ά·
2062 3346 2235 3393 ‹AEmi-

361 3420 390 3453 a
421 3412 481 3455 Be
498 3409 702 3455 ‹AEmile’o
726 3406 1014 3468 censualibus.]
1041 3411 1217 3459 Ptaeno-
1283 3413 1342 3458 ti·
1358 3410 1610 3469 consulibus.

296 3488 403 3520 men
432 3475 562 3531 hujus
604 3475 802 3522 consttlis
842 3478 887 3522 in
911 3476 1081 3537 scriptis
1111 3473 1223 3523 defi·
1353 3479 1382 3523 b
1400 3481 1752 3544 Redintegratur»
1770 3481 2027 3541 vat-{qnorum
2040 3478 2243 3540 heum-J

292 3536 485 3590 «letatur.
543 3538 825 3590 Addiderunt
862 3549 908 3592 C.
947 3539 1072 3603 quod
1107 3543 1222 3592 refu-
1288 3548 1344 3590 ln
1360 3549 1655 3610 Iuntaprimo
1679 3545 1874 3607 reperio.
1909 3560 2016 3594 nam
2035 3543 2236 3592 Andreas

294 3618 356 3655 tat
375 3611 582 3672 Sigonius
601 3645 615 3666 ,
643 3615 695 3659 &
720 3612 920 3657 rescribit
947 3614 1015 3658 M.
1045 3626 1100 3659 ex
1125 3616 1222 3676 ip'so
1287 3617 1339 3662 δε
1371 3617 1473 3664 Bec.
1504 3615 1728 3679 Eqnirum.
1761 3611 1990 3662 Ascenfius
2018 3621 2069 3664 δε
2100 3619 2236 3673 Mog-

291 3677 427 3724 Isivio
444 3714 459 3733 ,
486 3680 562 3741 qui
591 3679 711 3725 hunc
737 3674 931 3727 eundem
962 3680 1221 3742 magistrum
1295 3683 1522 3747 Equam.
1541 3675 1832 3730 scribendum
1846 3673 2000 3733 autem
2010 3679 2116 3739 ell'e,
2135 3689 2242 3731 Α·

284 3748 491 3810 equitum
512 3746 740 3798 hocanno
767 3751 843 3798 M.
866 3747 1121 3801 «emiliam
1133 3766 1220 3802 vo·
1279 3744 1847 3820 qnismdixtmusadlib.
1864 3763 1908 3805 ὃ,
2234 3738 2244 3748 ’

1498 3823 1618 3877 Aaa
1649 3832 1676 3866 2
2022 3833 2049 3870 c
2078 3824 2253 3889 stagno

501 3308 1014 3351 Gaui-novit.
