<?xml version="1.0" encoding="UTF-8"?>
<!DOCTYPE html PUBLIC "-//W3C//DTD XHTML 1.0 Transitional//EN"
    "http://www.w3.org/TR/xhtml1/DTD/xhtml1-transitional.dtd">
<html xmlns="http://www.w3.org/1999/xhtml" xml:lang="en" lang="en">
 <head>
  <title>
</title>
<meta http-equiv="Content-Type" content="text/html;charset=utf-8" />
  <meta name='ocr-system' content='tesseract 3.04.00' />
  <meta name='ocr-capabilities' content='ocr_page ocr_carea ocr_par ocr_line ocrx_word'/>
</head>
<body>
  <div class='ocr_page' id='page_1' title='image "./titiliviihistor00grongoog_0048.png"; bbox 0 0 2593 4366; ppageno 0'>
   <div class='ocr_carea' id='block_1_1' title="bbox 286 64 2410 3551">
    <p class='ocr_par' dir='ltr' id='par_1_1' title="bbox 286 64 2344 1164">
     <span class='ocr_line' id='line_1_1' title="bbox 534 64 2222 142; baseline 0.002 -5"><span class='ocrx_word' id='word_1_1' title='bbox 534 80 575 115; x_wconf 52' lang='grc' dir='ltr'>ι’</span> <span class='ocrx_word' id='word_1_2' title='bbox 610 65 740 137; x_wconf 81' lang='lat' dir='ltr'>Ex</span> <span class='ocrx_word' id='word_1_3' title='bbox 794 68 1497 141; x_wconf 54' lang='lat' dir='ltr'>Bam-nassau</span> <span class='ocrx_word' id='word_1_4' title='bbox 1552 68 2133 142; x_wconf 70' lang='lat' dir='ltr'>BoNrrAc&#39;ro</span> <span class='ocrx_word' id='word_1_5' title='bbox 2205 64 2222 73; x_wconf 73' lang='grc'><strong><em>’</em></strong></span> 
     </span>
     <span class='ocr_line' id='line_1_2' title="bbox 388 161 2341 270; baseline 0.005 -35"><span class='ocrx_word' id='word_1_6' title='bbox 388 161 920 237; x_wconf 74' lang='lat' dir='ltr'>interdum-vero</span> <span class='ocrx_word' id='word_1_7' title='bbox 949 162 1292 252; x_wconf 82' lang='lat' dir='ltr'>concisus3</span> <span class='ocrx_word' id='word_1_8' title='bbox 1329 166 1778 266; x_wconf 69' lang='lat' dir='ltr'>contraquam</span> <span class='ocrx_word' id='word_1_9' title='bbox 1810 164 1969 239; x_wconf 89' lang='lat' dir='ltr'>fecit</span> <span class='ocrx_word' id='word_1_10' title='bbox 2001 170 2341 270; x_wconf 83' lang='lat' dir='ltr'>Polybius,</span> 
     </span>
     <span class='ocr_line' id='line_1_3' title="bbox 393 261 2341 367; baseline 0.004 -32"><span class='ocrx_word' id='word_1_11' title='bbox 393 262 513 335; x_wconf 81' lang='lat' dir='ltr'>fibi</span> <span class='ocrx_word' id='word_1_12' title='bbox 539 261 673 336; x_wconf 90' lang='lat' dir='ltr'>sem</span> <span class='ocrx_word' id='word_1_13' title='bbox 764 292 796 335; x_wconf 88' lang='lat' dir='ltr'>r</span> <span class='ocrx_word' id='word_1_14' title='bbox 827 268 1114 365; x_wconf 70' lang='lat' dir='ltr'>aequalis·</span> <span class='ocrx_word' id='word_1_15' title='bbox 1183 269 1394 358; x_wconf 89' lang='lat' dir='ltr'>Cajus</span> <span class='ocrx_word' id='word_1_16' title='bbox 1426 287 1643 336; x_wconf 82' lang='lat' dir='ltr'>autem</span> <span class='ocrx_word' id='word_1_17' title='bbox 1677 268 1978 367; x_wconf 80' lang='lat' dir='ltr'>Caligula</span> <span class='ocrx_word' id='word_1_18' title='bbox 2014 275 2341 354; x_wconf 86' lang='lat' dir='ltr'>Maronis,</span> 
     </span>
     <span class='ocr_line' id='line_1_4' title="bbox 391 364 2340 464; baseline 0.006 -32"><span class='ocrx_word' id='word_1_19' title='bbox 391 375 460 439; x_wconf 70' lang='grc' dir='ltr'>δι</span> <span class='ocrx_word' id='word_1_20' title='bbox 482 366 656 437; x_wconf 86' lang='lat' dir='ltr'>Livii</span> <span class='ocrx_word' id='word_1_21' title='bbox 703 367 948 462; x_wconf 85' lang='lat' dir='ltr'>cripta,</span> <span class='ocrx_word' id='word_1_22' title='bbox 967 390 1040 435; x_wconf 90' lang='lat' dir='ltr'>ac</span> <span class='ocrx_word' id='word_1_23' title='bbox 1058 366 1378 464; x_wconf 75' lang='lat' dir='ltr'>imagines</span> <span class='ocrx_word' id='word_1_24' title='bbox 1401 413 1423 447; x_wconf 86' lang='lat'>‚</span> <span class='ocrx_word' id='word_1_25' title='bbox 1439 364 1602 436; x_wconf 87' lang='lat' dir='ltr'>teste</span> <span class='ocrx_word' id='word_1_26' title='bbox 1621 370 1940 438; x_wconf 83' lang='lat' dir='ltr'>Suetonio</span> <span class='ocrx_word' id='word_1_27' title='bbox 1956 414 1978 448; x_wconf 89' lang='lat'>,</span> <span class='ocrx_word' id='word_1_28' title='bbox 2000 373 2340 444; x_wconf 90' lang='lat' dir='ltr'>minimum</span> 
     </span>
     <span class='ocr_line' id='line_1_5' title="bbox 390 462 2342 565; baseline 0.003 -28"><span class='ocrx_word' id='word_1_29' title='bbox 390 462 598 538; x_wconf 83' lang='lat' dir='ltr'>abfuit</span> <span class='ocrx_word' id='word_1_30' title='bbox 624 467 783 565; x_wconf 88' lang='lat' dir='ltr'>quin</span> <span class='ocrx_word' id='word_1_31' title='bbox 815 489 898 535; x_wconf 85' lang='lat' dir='ltr'>ex</span> <span class='ocrx_word' id='word_1_32' title='bbox 930 463 1234 535; x_wconf 87' lang='lat' dir='ltr'>omnibus</span> <span class='ocrx_word' id='word_1_33' title='bbox 1267 464 1694 536; x_wconf 72' lang='lat' dir='ltr'>bibliothecis</span> <span class='ocrx_word' id='word_1_34' title='bbox 1727 468 2048 539; x_wconf 88' lang='lat' dir='ltr'>amoverit</span> <span class='ocrx_word' id='word_1_35' title='bbox 2079 515 2100 550; x_wconf 87' lang='lat'>‚</span> <span class='ocrx_word' id='word_1_36' title='bbox 2151 496 2342 543; x_wconf 86' lang='lat' dir='ltr'>accu-</span> 
     </span>
     <span class='ocr_line' id='line_1_6' title="bbox 286 561 2344 669; baseline 0.001 -30"><span class='ocrx_word' id='word_1_37' title='bbox 286 568 291 571; x_wconf 56' lang='grc'>’</span> <span class='ocrx_word' id='word_1_38' title='bbox 387 564 531 639; x_wconf 86' lang='lat' dir='ltr'>sans</span> <span class='ocrx_word' id='word_1_39' title='bbox 550 561 827 636; x_wconf 81' lang='lat' dir='ltr'>alterum</span> <span class='ocrx_word' id='word_1_40' title='bbox 840 566 1075 635; x_wconf 90' lang='lat' dir='ltr'>nullius</span> <span class='ocrx_word' id='word_1_41' title='bbox 1092 565 1364 663; x_wconf 85' lang='lat' dir='ltr'>ingenii,</span> <span class='ocrx_word' id='word_1_42' title='bbox 1385 565 1833 665; x_wconf 62' lang='lat' dir='ltr'>dostrinaeque</span> <span class='ocrx_word' id='word_1_43' title='bbox 1851 569 2344 669; x_wconf 62' lang='lat' dir='ltr'>perexiguaeml-</span> 
     </span>
     <span class='ocr_line' id='line_1_7' title="bbox 389 662 2341 767; baseline 0.002 -29"><span class='ocrx_word' id='word_1_44' title='bbox 389 689 601 738; x_wconf 89' lang='lat' dir='ltr'>terum</span> <span class='ocrx_word' id='word_1_45' title='bbox 618 662 1056 745; x_wconf 79' lang='lat' dir='ltr'>verbositatis,</span> <span class='ocrx_word' id='word_1_46' title='bbox 1078 674 1145 739; x_wconf 87' lang='lat'>&amp;</span> <span class='ocrx_word' id='word_1_47' title='bbox 1167 690 1252 736; x_wconf 89' lang='lat' dir='ltr'>ne</span> <span class='ocrx_word' id='word_1_48' title='bbox 1303 667 1614 764; x_wconf 82' lang='lat' dir='ltr'>ligentiae.</span> <span class='ocrx_word' id='word_1_49' title='bbox 1673 663 1888 737; x_wconf 83' lang='lat' dir='ltr'>Caesar</span> <span class='ocrx_word' id='word_1_50' title='bbox 1906 691 2169 767; x_wconf 89' lang='lat' dir='ltr'>quoque</span> <span class='ocrx_word' id='word_1_51' title='bbox 2193 676 2341 741; x_wconf 89' lang='lat' dir='ltr'>An·-</span> 
     </span>
     <span class='ocr_line' id='line_1_8' title="bbox 389 762 2338 862; baseline 0.002 -25"><span class='ocrx_word' id='word_1_52' title='bbox 389 766 658 837; x_wconf 88' lang='lat' dir='ltr'>toninus</span> <span class='ocrx_word' id='word_1_53' title='bbox 678 765 744 833; x_wconf 89' lang='lat' dir='ltr'>in</span> <span class='ocrx_word' id='word_1_54' title='bbox 778 762 892 836; x_wconf 85' lang='lat' dir='ltr'>suo</span> <span class='ocrx_word' id='word_1_55' title='bbox 923 764 1047 833; x_wconf 86' lang='lat' dir='ltr'>illo</span> <span class='ocrx_word' id='word_1_56' title='bbox 1078 762 1229 862; x_wconf 90' lang='lat' dir='ltr'>pseu</span> <span class='ocrx_word' id='word_1_57' title='bbox 1283 764 1728 862; x_wconf 82' lang='lat' dir='ltr'>hodoeporico</span> <span class='ocrx_word' id='word_1_58' title='bbox 1763 766 2121 862; x_wconf 85' lang='lat' dir='ltr'>exprobrat</span> <span class='ocrx_word' id='word_1_59' title='bbox 2139 771 2338 841; x_wconf 88' lang='lat' dir='ltr'>Livio</span> 
     </span>
     <span class='ocr_line' id='line_1_9' title="bbox 390 860 2334 967; baseline 0.002 -31"><span class='ocrx_word' id='word_1_60' title='bbox 390 868 627 937; x_wconf 85' lang='lat' dir='ltr'>malam</span> <span class='ocrx_word' id='word_1_61' title='bbox 646 860 848 935; x_wconf 86' lang='lat' dir='ltr'>fidem</span> <span class='ocrx_word' id='word_1_62' title='bbox 865 910 887 944; x_wconf 93' lang='lat'>,</span> <span class='ocrx_word' id='word_1_63' title='bbox 908 863 1089 963; x_wconf 88' lang='lat' dir='ltr'>quod</span> <span class='ocrx_word' id='word_1_64' title='bbox 1107 861 1311 934; x_wconf 87' lang='lat' dir='ltr'>Thus</span> <span class='ocrx_word' id='word_1_65' title='bbox 1300 889 1528 934; x_wconf 87' lang='lat' dir='ltr'>corum</span> <span class='ocrx_word' id='word_1_66' title='bbox 1548 862 1908 936; x_wconf 73' lang='lat' dir='ltr'>clarissimis</span> <span class='ocrx_word' id='word_1_67' title='bbox 1928 864 2119 936; x_wconf 89' lang='lat' dir='ltr'>rebus</span> <span class='ocrx_word' id='word_1_68' title='bbox 2138 866 2334 967; x_wconf 86' lang='lat' dir='ltr'>gestis</span> 
     </span>
     <span class='ocr_line' id='line_1_10' title="bbox 383 963 2335 1062; baseline 0.001 -25"><span class='ocrx_word' id='word_1_69' title='bbox 383 965 716 1037; x_wconf 76' lang='lat' dir='ltr'>inviderit.</span> <span class='ocrx_word' id='word_1_70' title='bbox 770 966 1087 1062; x_wconf 84' lang='lat' dir='ltr'>Denique</span> <span class='ocrx_word' id='word_1_71' title='bbox 1119 965 1482 1034; x_wconf 84' lang='lat' dir='ltr'>Glareanus</span> <span class='ocrx_word' id='word_1_72' title='bbox 1517 965 1780 1035; x_wconf 85' lang='lat' dir='ltr'>Livium</span> <span class='ocrx_word' id='word_1_73' title='bbox 1813 963 2140 1037; x_wconf 82' lang='lat' dir='ltr'>bellicofae</span> <span class='ocrx_word' id='word_1_74' title='bbox 2168 970 2335 1038; x_wconf 84' lang='lat' dir='ltr'>Gal-</span> 
     </span>
     <span class='ocr_line' id='line_1_11' title="bbox 382 1058 2335 1164; baseline 0 -27"><span class='ocrx_word' id='word_1_75' title='bbox 382 1068 599 1139; x_wconf 85' lang='lat' dir='ltr'>lorum</span> <span class='ocrx_word' id='word_1_76' title='bbox 615 1065 829 1164; x_wconf 86' lang='lat' dir='ltr'>gentis</span> <span class='ocrx_word' id='word_1_77' title='bbox 848 1065 1115 1162; x_wconf 85' lang='lat' dir='ltr'>egregia</span> <span class='ocrx_word' id='word_1_78' title='bbox 1131 1058 1422 1133; x_wconf 80' lang='lat' dir='ltr'>facinora</span> <span class='ocrx_word' id='word_1_79' title='bbox 1437 1062 1667 1133; x_wconf 61' lang='lat' dir='ltr'>odiose*</span> <span class='ocrx_word' id='word_1_80' title='bbox 1688 1065 1962 1135; x_wconf 63' lang='lat' dir='ltr'>tractare</span> <span class='ocrx_word' id='word_1_81' title='bbox 1984 1111 2006 1145; x_wconf 93' lang='lat'>,</span> <span class='ocrx_word' id='word_1_82' title='bbox 2027 1064 2311 1138; x_wconf 84' lang='lat' dir='ltr'>virtutes</span> <span class='ocrx_word' id='word_1_83' title='bbox 2300 1109 2335 1126; x_wconf 77' lang='lat'><em>-</em></span> 
     </span>
    </p>

    <p class='ocr_par' dir='ltr' id='par_1_2' title="bbox 374 1162 2410 3551">
     <span class='ocr_line' id='line_1_12' title="bbox 435 1162 2330 1265; baseline 0.001 -30"><span class='ocrx_word' id='word_1_84' title='bbox 435 1189 514 1236; x_wconf 90' lang='lat' dir='ltr'>ue</span> <span class='ocrx_word' id='word_1_85' title='bbox 530 1167 796 1235; x_wconf 84' lang='lat' dir='ltr'>illorum</span> <span class='ocrx_word' id='word_1_86' title='bbox 815 1162 1097 1261; x_wconf 68' lang='lat' dir='ltr'>maligne</span> <span class='ocrx_word' id='word_1_87' title='bbox 1117 1163 1372 1232; x_wconf 84' lang='lat' dir='ltr'>elevare</span> <span class='ocrx_word' id='word_1_88' title='bbox 1386 1165 1834 1261; x_wconf 86' lang='lat' dir='ltr'>conqueritur.</span> <span class='ocrx_word' id='word_1_89' title='bbox 1857 1164 2117 1259; x_wconf 75' lang='lat' dir='ltr'>Qbus</span> <span class='ocrx_word' id='word_1_90' title='bbox 2140 1191 2330 1265; x_wconf 83' lang='lat' dir='ltr'>aper-</span> 
     </span>
     <span class='ocr_line' id='line_1_13' title="bbox 384 1261 2332 1357; baseline 0.002 -22"><span class='ocrx_word' id='word_1_91' title='bbox 384 1286 451 1335; x_wconf 91' lang='lat' dir='ltr'>te</span> <span class='ocrx_word' id='word_1_92' title='bbox 488 1266 801 1335; x_wconf 81' lang='lat' dir='ltr'>reclamat</span> <span class='ocrx_word' id='word_1_93' title='bbox 829 1261 1128 1333; x_wconf 80' lang='lat' dir='ltr'>verendae</span> <span class='ocrx_word' id='word_1_94' title='bbox 1160 1263 1561 1332; x_wconf 54' lang='lat' dir='ltr'>auetoritatis</span> <span class='ocrx_word' id='word_1_95' title='bbox 1592 1308 1614 1342; x_wconf 93' lang='lat'>,</span> <span class='ocrx_word' id='word_1_96' title='bbox 1667 1272 1733 1336; x_wconf 72' lang='grc' dir='ltr'>δι</span> <span class='ocrx_word' id='word_1_97' title='bbox 1764 1265 1927 1333; x_wconf 86' lang='lat' dir='ltr'>acris</span> <span class='ocrx_word' id='word_1_98' title='bbox 1975 1264 2199 1357; x_wconf 90' lang='lat' dir='ltr'>judicii</span> <span class='ocrx_word' id='word_1_99' title='bbox 2232 1269 2332 1338; x_wconf 84' lang='lat' dir='ltr'>vir</span> 
     </span>
     <span class='ocr_line' id='line_1_14' title="bbox 383 1363 2329 1463; baseline 0.001 -26"><span class='ocrx_word' id='word_1_100' title='bbox 383 1365 741 1438; x_wconf 85' lang='lat' dir='ltr'>Cornelius</span> <span class='ocrx_word' id='word_1_101' title='bbox 775 1363 1055 1445; x_wconf 78' lang='lat' dir='ltr'>Tacitus</span> <span class='ocrx_word' id='word_1_102' title='bbox 1092 1408 1114 1442; x_wconf 99' lang='lat'>,</span> <span class='ocrx_word' id='word_1_103' title='bbox 1152 1363 1255 1432; x_wconf 91' lang='lat' dir='ltr'>cui</span> <span class='ocrx_word' id='word_1_104' title='bbox 1288 1364 1490 1432; x_wconf 88' lang='lat' dir='ltr'>Titus</span> <span class='ocrx_word' id='word_1_105' title='bbox 1529 1364 1753 1432; x_wconf 87' lang='lat' dir='ltr'>Livius</span> <span class='ocrx_word' id='word_1_106' title='bbox 1789 1365 2216 1463; x_wconf 82' lang='lat' dir='ltr'>eloquentiae,</span> <span class='ocrx_word' id='word_1_107' title='bbox 2255 1391 2329 1438; x_wconf 86' lang='lat' dir='ltr'>ac</span> 
     </span>
     <span class='ocr_line' id='line_1_15' title="bbox 383 1456 2323 1563; baseline 0.001 -27"><span class='ocrx_word' id='word_1_108' title='bbox 383 1462 538 1536; x_wconf 77' lang='lat' dir='ltr'>fidei</span> <span class='ocrx_word' id='word_1_109' title='bbox 571 1464 909 1563; x_wconf 83' lang='lat' dir='ltr'>praeclarus</span> <span class='ocrx_word' id='word_1_110' title='bbox 942 1463 1011 1531; x_wconf 88' lang='lat' dir='ltr'>in</span> <span class='ocrx_word' id='word_1_111' title='bbox 1045 1462 1270 1558; x_wconf 88' lang='lat' dir='ltr'>primis</span> <span class='ocrx_word' id='word_1_112' title='bbox 1309 1456 1606 1532; x_wconf 86' lang='lat' dir='ltr'>habetur.</span> <span class='ocrx_word' id='word_1_113' title='bbox 1676 1461 1803 1534; x_wconf 87' lang='lat' dir='ltr'>Sed</span> <span class='ocrx_word' id='word_1_114' title='bbox 1836 1487 2035 1534; x_wconf 82' lang='lat' dir='ltr'>nemo</span> <span class='ocrx_word' id='word_1_115' title='bbox 2067 1463 2151 1535; x_wconf 84' lang='lat' dir='ltr'>de</span> <span class='ocrx_word' id='word_1_116' title='bbox 2193 1462 2323 1537; x_wconf 85' lang='lat' dir='ltr'>hoc</span> 
     </span>
     <span class='ocr_line' id='line_1_16' title="bbox 380 1558 2330 1660; baseline 0.001 -26"><span class='ocrx_word' id='word_1_117' title='bbox 380 1565 609 1635; x_wconf 87' lang='lat' dir='ltr'>melius</span> <span class='ocrx_word' id='word_1_118' title='bbox 642 1560 959 1654; x_wconf 74' lang='lat' dir='ltr'>judicavit</span> <span class='ocrx_word' id='word_1_119' title='bbox 985 1558 1185 1660; x_wconf 68' lang='lat' dir='ltr'>quam</span> <span class='ocrx_word' id='word_1_120' title='bbox 1219 1559 1450 1631; x_wconf 80' lang='lat' dir='ltr'>Fabius</span> <span class='ocrx_word' id='word_1_121' title='bbox 1495 1562 1983 1657; x_wconf 81' lang='lat' dir='ltr'>Qintilianus,</span> <span class='ocrx_word' id='word_1_122' title='bbox 2022 1566 2200 1657; x_wconf 82' lang='lat' dir='ltr'>cujus</span> <span class='ocrx_word' id='word_1_123' title='bbox 2219 1567 2330 1636; x_wconf 86' lang='lat' dir='ltr'>illa</span> 
     </span>
     <span class='ocr_line' id='line_1_17' title="bbox 379 1656 2325 1762; baseline 0.001 -28"><span class='ocrx_word' id='word_1_124' title='bbox 379 1657 523 1734; x_wconf 91' lang='lat' dir='ltr'>sunt</span> <span class='ocrx_word' id='word_1_125' title='bbox 558 1689 578 1732; x_wconf 76' lang='lat' dir='ltr'>t</span> <span class='ocrx_word' id='word_1_126' title='bbox 630 1664 799 1733; x_wconf 91' lang='lat' dir='ltr'>Non</span> <span class='ocrx_word' id='word_1_127' title='bbox 832 1660 1213 1759; x_wconf 86' lang='lat' dir='ltr'>indignetur</span> <span class='ocrx_word' id='word_1_128' title='bbox 1243 1656 1360 1730; x_wconf 81' lang='lat' dir='ltr'>fibi</span> <span class='ocrx_word' id='word_1_129' title='bbox 1391 1661 1779 1732; x_wconf 77' lang='lat' dir='ltr'>Herodorus</span> <span class='ocrx_word' id='word_1_130' title='bbox 1817 1665 2051 1762; x_wconf 83' lang='lat' dir='ltr'>aequari</span> <span class='ocrx_word' id='word_1_131' title='bbox 2085 1665 2325 1735; x_wconf 86' lang='lat' dir='ltr'>Titum</span> 
     </span>
     <span class='ocr_line' id='line_1_18' title="bbox 382 1756 2326 1853; baseline -0.001 -18"><span class='ocrx_word' id='word_1_132' title='bbox 382 1764 686 1843; x_wconf 87' lang='lat' dir='ltr'>Livium,</span> <span class='ocrx_word' id='word_1_133' title='bbox 723 1785 871 1831; x_wconf 88' lang='lat' dir='ltr'>cum</span> <span class='ocrx_word' id='word_1_134' title='bbox 901 1761 971 1831; x_wconf 88' lang='lat' dir='ltr'>in</span> <span class='ocrx_word' id='word_1_135' title='bbox 1001 1758 1325 1830; x_wconf 85' lang='lat' dir='ltr'>narrando</span> <span class='ocrx_word' id='word_1_136' title='bbox 1364 1761 1541 1831; x_wconf 83' lang='lat' dir='ltr'>mirae</span> <span class='ocrx_word' id='word_1_137' title='bbox 1569 1761 2025 1853; x_wconf 84' lang='lat' dir='ltr'>jucunditatis,</span> <span class='ocrx_word' id='word_1_138' title='bbox 2057 1756 2326 1835; x_wconf 75' lang='lat' dir='ltr'>clarissi-</span> 
     </span>
     <span class='ocr_line' id='line_1_19' title="bbox 378 1857 2329 1979; baseline -0.002 -44"><span class='ocrx_word' id='word_1_139' title='bbox 378 1864 603 1979; x_wconf 63' lang='lat' dir='ltr'>mique</span> <span class='ocrx_word' id='word_1_140' title='bbox 620 1860 936 1932; x_wconf 83' lang='lat' dir='ltr'>-candoris</span> <span class='ocrx_word' id='word_1_141' title='bbox 956 1905 977 1939; x_wconf 92' lang='lat'>,</span> <span class='ocrx_word' id='word_1_142' title='bbox 1016 1881 1154 1930; x_wconf 91' lang='lat' dir='ltr'>tum</span> <span class='ocrx_word' id='word_1_143' title='bbox 1170 1860 1239 1930; x_wconf 86' lang='lat' dir='ltr'>in</span> <span class='ocrx_word' id='word_1_144' title='bbox 1260 1860 1692 1949; x_wconf 75' lang='lat' dir='ltr'>concionibus</span> <span class='ocrx_word' id='word_1_145' title='bbox 1711 1857 1895 1959; x_wconf 84' lang='lat' dir='ltr'>supra</span> <span class='ocrx_word' id='word_1_146' title='bbox 1926 1886 2118 1961; x_wconf 88' lang='lat' dir='ltr'>quam</span> <span class='ocrx_word' id='word_1_147' title='bbox 2134 1886 2329 1933; x_wconf 88' lang='lat' dir='ltr'>enar-</span> 
     </span>
     <span class='ocr_line' id='line_1_20' title="bbox 380 1959 2329 2129; baseline -0.001 -95"><span class='ocrx_word' id='word_1_148' title='bbox 380 1984 511 2034; x_wconf 72' lang='grc' dir='ltr'>ηπ</span> <span class='ocrx_word' id='word_1_149' title='bbox 536 1959 757 2063; x_wconf 86' lang='lat' dir='ltr'>potest</span> <span class='ocrx_word' id='word_1_150' title='bbox 778 1962 1412 2129; x_wconf 38' lang='lat' dir='ltr'>‘immista</span> <span class='ocrx_word' id='word_1_151' title='bbox 1446 1959 1747 2031; x_wconf 75' lang='lat' dir='ltr'>dicuntur</span> <span class='ocrx_word' id='word_1_152' title='bbox 1782 1963 2006 2033; x_wconf 83' lang='lat' dir='ltr'>omnia</span> <span class='ocrx_word' id='word_1_153' title='bbox 2042 1985 2192 2031; x_wconf 86' lang='lat' dir='ltr'>cum</span> <span class='ocrx_word' id='word_1_154' title='bbox 2222 1987 2329 2032; x_wconf 86' lang='lat' dir='ltr'>re-</span> 
     </span>
     <span class='ocr_line' id='line_1_21' title="bbox 380 2036 2328 2160; baseline -0.001 -27"><span class='ocrx_word' id='word_1_155' title='bbox 380 2060 500 2133; x_wconf 86' lang='lat' dir='ltr'>bus</span> <span class='ocrx_word' id='word_1_156' title='bbox 534 2110 559 2144; x_wconf 90' lang='lat'>,</span> <span class='ocrx_word' id='word_1_157' title='bbox 658 2100 659 2103; x_wconf 34' lang='lat'>¹</span> <span class='ocrx_word' id='word_1_158' title='bbox 778 2048 879 2130; x_wconf 57' lang='lat' dir='ltr'>„e</span> <span class='ocrx_word' id='word_1_159' title='bbox 1122 2036 1663 2130; x_wconf 54' lang='lat' dir='ltr'>affiimmodata:</span> <span class='ocrx_word' id='word_1_160' title='bbox 1722 2059 1849 2131; x_wconf 89' lang='lat' dir='ltr'>Sed</span> <span class='ocrx_word' id='word_1_161' title='bbox 1881 2058 2146 2131; x_wconf 63' lang='lat' dir='ltr'>affefitus</span> <span class='ocrx_word' id='word_1_162' title='bbox 2180 2064 2328 2160; x_wconf 88' lang='lat' dir='ltr'>qui-</span> 
     </span>
     <span class='ocr_line' id='line_1_22' title="bbox 660 2156 2328 2259; baseline -0.001 -27"><span class='ocrx_word' id='word_1_163' title='bbox 660 2162 673 2181; x_wconf 78' lang='lat'><em>⁵</em></span> <span class='ocrx_word' id='word_1_164' title='bbox 718 2158 960 2259; x_wconf 72' lang='lat' dir='ltr'>aecipue</span> <span class='ocrx_word' id='word_1_165' title='bbox 992 2182 1109 2230; x_wconf 89' lang='lat' dir='ltr'>eos</span> <span class='ocrx_word' id='word_1_166' title='bbox 1141 2204 1164 2238; x_wconf 89' lang='lat'>,</span> <span class='ocrx_word' id='word_1_167' title='bbox 1218 2161 1330 2258; x_wconf 89' lang='lat' dir='ltr'>qui</span> <span class='ocrx_word' id='word_1_168' title='bbox 1366 2156 1511 2229; x_wconf 89' lang='lat' dir='ltr'>sunt</span> <span class='ocrx_word' id='word_1_169' title='bbox 1543 2158 1870 2231; x_wconf 85' lang='lat' dir='ltr'>dulciores</span> <span class='ocrx_word' id='word_1_170' title='bbox 1902 2207 1924 2241; x_wconf 99' lang='lat'>,</span> <span class='ocrx_word' id='word_1_171' title='bbox 1964 2185 2163 2231; x_wconf 89' lang='lat' dir='ltr'>nemo</span> <span class='ocrx_word' id='word_1_172' title='bbox 2197 2162 2328 2233; x_wconf 84' lang='lat' dir='ltr'>Hi·</span> 
     </span>
     <span class='ocr_line' id='line_1_23' title="bbox 562 2257 2410 2357; baseline -0.001 -25"><span class='ocrx_word' id='word_1_173' title='bbox 562 2273 565 2276; x_wconf 76' lang='grc'>’</span> <span class='ocrx_word' id='word_1_174' title='bbox 662 2259 1293 2332; x_wconf 74' lang='lat' dir='ltr'>umcommendavit</span> <span class='ocrx_word' id='word_1_175' title='bbox 1341 2261 1575 2357; x_wconf 83' lang='lat' dir='ltr'>magis.</span> <span class='ocrx_word' id='word_1_176' title='bbox 1647 2261 1894 2330; x_wconf 87' lang='lat' dir='ltr'>Plinius</span> <span class='ocrx_word' id='word_1_177' title='bbox 1942 2257 2325 2356; x_wconf 85' lang='lat' dir='ltr'>praefatione</span> <span class='ocrx_word' id='word_1_178' title='bbox 2390 2267 2410 2278; x_wconf 74' lang='grc'><strong>“</strong></span> 
     </span>
     <span class='ocr_line' id='line_1_24' title="bbox 381 2357 2324 2461; baseline -0.002 -28"><span class='ocrx_word' id='word_1_179' title='bbox 381 2387 602 2461; x_wconf 80' lang='lat' dir='ltr'>operis</span> <span class='ocrx_word' id='word_1_180' title='bbox 626 2362 888 2432; x_wconf 88' lang='lat' dir='ltr'>Livium</span> <span class='ocrx_word' id='word_1_181' title='bbox 919 2361 1252 2429; x_wconf 63' lang='lat' dir='ltr'>auetorem</span> <span class='ocrx_word' id='word_1_182' title='bbox 1286 2357 1617 2429; x_wconf 86' lang='lat' dir='ltr'>celebrem</span> <span class='ocrx_word' id='word_1_183' title='bbox 1650 2381 1866 2428; x_wconf 84' lang='lat' dir='ltr'>vocat.</span> <span class='ocrx_word' id='word_1_184' title='bbox 1905 2357 2324 2434; x_wconf 57' lang='lat' dir='ltr'>&#39;Senecassibi</span> 
     </span>
     <span class='ocr_line' id='line_1_25' title="bbox 382 2453 2324 2561; baseline -0.001 -29"><span class='ocrx_word' id='word_1_185' title='bbox 382 2483 610 2561; x_wconf 87' lang='lat' dir='ltr'>parum</span> <span class='ocrx_word' id='word_1_186' title='bbox 649 2458 953 2531; x_wconf 88' lang='lat' dir='ltr'>constans</span> <span class='ocrx_word' id='word_1_187' title='bbox 991 2503 1012 2538; x_wconf 87' lang='lat'>‚</span> <span class='ocrx_word' id='word_1_188' title='bbox 1046 2453 1526 2532; x_wconf 81' lang='lat' dir='ltr'>disertiffimum</span> <span class='ocrx_word' id='word_1_189' title='bbox 1557 2460 1910 2555; x_wconf 86' lang='lat' dir='ltr'>appellavit</span> <span class='ocrx_word' id='word_1_190' title='bbox 1937 2502 1958 2537; x_wconf 86' lang='lat'>‚</span> <span class='ocrx_word' id='word_1_191' title='bbox 1999 2480 2324 2558; x_wconf 80' lang='lat' dir='ltr'>tantaeque</span> 
     </span>
     <span class='ocr_line' id='line_1_26' title="bbox 381 2553 2326 2662; baseline -0.002 -29"><span class='ocrx_word' id='word_1_192' title='bbox 381 2561 769 2662; x_wconf 74' lang='lat' dir='ltr'>probitatis,</span> <span class='ocrx_word' id='word_1_193' title='bbox 810 2581 878 2628; x_wconf 89' lang='lat' dir='ltr'>ut</span> <span class='ocrx_word' id='word_1_194' title='bbox 896 2558 1306 2656; x_wconf 86' lang='lat' dir='ltr'>liqueateum</span> <span class='ocrx_word' id='word_1_195' title='bbox 1325 2553 1615 2636; x_wconf 66' lang='lat' dir='ltr'>sensisse,</span> <span class='ocrx_word' id='word_1_196' title='bbox 1655 2583 1796 2655; x_wconf 83' lang='lat' dir='ltr'>quae</span> <span class='ocrx_word' id='word_1_197' title='bbox 1815 2553 1935 2627; x_wconf 88' lang='lat' dir='ltr'>scri</span> <span class='ocrx_word' id='word_1_198' title='bbox 1985 2556 2084 2627; x_wconf 82' lang='lat' dir='ltr'>fit.</span> <span class='ocrx_word' id='word_1_199' title='bbox 2139 2563 2326 2631; x_wconf 89' lang='lat' dir='ltr'>Mar-</span> 
     </span>
     <span class='ocr_line' id='line_1_27' title="bbox 381 2653 2324 2733; baseline -0.003 -2"><span class='ocrx_word' id='word_1_200' title='bbox 381 2686 495 2732; x_wconf 88' lang='lat' dir='ltr'>cus</span> <span class='ocrx_word' id='word_1_201' title='bbox 533 2682 747 2730; x_wconf 85' lang='lat' dir='ltr'>autem</span> <span class='ocrx_word' id='word_1_202' title='bbox 790 2662 1076 2729; x_wconf 80' lang='lat' dir='ltr'>Annaeus</span> <span class='ocrx_word' id='word_1_203' title='bbox 1119 2653 1383 2728; x_wconf 82' lang='lat' dir='ltr'>Rhetor</span> <span class='ocrx_word' id='word_1_204' title='bbox 1419 2654 1674 2726; x_wconf 80' lang='lat' dir='ltr'>afferuit</span> <span class='ocrx_word' id='word_1_205' title='bbox 1702 2659 1887 2733; x_wconf 88' lang='lat' dir='ltr'>illum</span> <span class='ocrx_word' id='word_1_206' title='bbox 1993 2653 2103 2727; x_wconf 80' lang='lat' dir='ltr'>iffe</span> <span class='ocrx_word' id='word_1_207' title='bbox 2136 2680 2324 2727; x_wconf 83' lang='lat' dir='ltr'>natu-</span> 
     </span>
     <span class='ocr_line' id='line_1_28' title="bbox 376 2754 2326 2855; baseline -0.004 -23"><span class='ocrx_word' id='word_1_208' title='bbox 376 2785 445 2832; x_wconf 85' lang='lat' dir='ltr'>ra</span> <span class='ocrx_word' id='word_1_209' title='bbox 469 2756 985 2830; x_wconf 83' lang='lat' dir='ltr'>candidiffimum</span> <span class='ocrx_word' id='word_1_210' title='bbox 1001 2757 1296 2826; x_wconf 84' lang='lat' dir='ltr'>omnium</span> <span class='ocrx_word' id='word_1_211' title='bbox 1315 2780 1698 2855; x_wconf 85' lang='lat' dir='ltr'>magnorum</span> <span class='ocrx_word' id='word_1_212' title='bbox 1717 2756 2132 2853; x_wconf 82' lang='lat' dir='ltr'>ingeniorum</span> <span class='ocrx_word' id='word_1_213' title='bbox 2157 2754 2326 2826; x_wconf 81' lang='lat' dir='ltr'>aesti-</span> 
     </span>
     <span class='ocr_line' id='line_1_29' title="bbox 376 2852 2327 2953; baseline -0.003 -22"><span class='ocrx_word' id='word_1_214' title='bbox 376 2882 734 2932; x_wconf 69' lang='lat' dir='ltr'>matorems</span> <span class='ocrx_word' id='word_1_215' title='bbox 814 2855 1155 2953; x_wconf 85' lang='lat' dir='ltr'>Philippus</span> <span class='ocrx_word' id='word_1_216' title='bbox 1197 2857 1649 2926; x_wconf 84' lang='lat' dir='ltr'>Comminaeus</span> <span class='ocrx_word' id='word_1_217' title='bbox 1690 2856 1950 2923; x_wconf 88' lang='lat' dir='ltr'>Livium</span> <span class='ocrx_word' id='word_1_218' title='bbox 1995 2852 2327 2925; x_wconf 86' lang='lat' dir='ltr'>existima·</span> 
     </span>
     <span class='ocr_line' id='line_1_30' title="bbox 376 2948 2327 3051; baseline -0.004 -21"><span class='ocrx_word' id='word_1_219' title='bbox 376 2962 476 3031; x_wconf 76' lang='lat' dir='ltr'>vit</span> <span class='ocrx_word' id='word_1_220' title='bbox 504 2957 632 3032; x_wconf 78' lang='lat' dir='ltr'>effe</span> <span class='ocrx_word' id='word_1_221' title='bbox 663 2958 1052 3028; x_wconf 87' lang='lat' dir='ltr'>Latinorum</span> <span class='ocrx_word' id='word_1_222' title='bbox 1085 2953 1493 3051; x_wconf 82' lang='lat' dir='ltr'>Polybium,</span> <span class='ocrx_word' id='word_1_223' title='bbox 1546 2948 1977 3051; x_wconf 87' lang='lat' dir='ltr'>omnibusque</span> <span class='ocrx_word' id='word_1_224' title='bbox 2007 2948 2327 3028; x_wconf 85' lang='lat' dir='ltr'>senatori-</span> 
     </span>
     <span class='ocr_line' id='line_1_31' title="bbox 378 3050 2325 3166; baseline -0.003 -37"><span class='ocrx_word' id='word_1_225' title='bbox 378 3057 499 3130; x_wconf 87' lang='lat' dir='ltr'>bus</span> <span class='ocrx_word' id='word_1_226' title='bbox 538 3105 561 3140; x_wconf 92' lang='lat'>,</span> <span class='ocrx_word' id='word_1_227' title='bbox 598 3067 665 3132; x_wconf 88' lang='lat'>&amp;</span> <span class='ocrx_word' id='word_1_228' title='bbox 702 3082 916 3128; x_wconf 88' lang='lat' dir='ltr'>rerum</span> <span class='ocrx_word' id='word_1_229' title='bbox 949 3053 1357 3152; x_wconf 91' lang='lat' dir='ltr'>publicarum</span> <span class='ocrx_word' id='word_1_230' title='bbox 1393 3050 1937 3152; x_wconf 87' lang='lat' dir='ltr'>gubernatoribus</span> <span class='ocrx_word' id='word_1_231' title='bbox 1974 3056 2325 3166; x_wconf 75' lang='lat' dir='ltr'>perlegen-</span> 
     </span>
     <span class='ocr_line' id='line_1_32' title="bbox 377 3150 2325 3230; baseline -0.003 0"><span class='ocrx_word' id='word_1_232' title='bbox 377 3158 556 3230; x_wconf 87' lang='lat' dir='ltr'>dum.</span> <span class='ocrx_word' id='word_1_233' title='bbox 621 3154 875 3229; x_wconf 86' lang='lat' dir='ltr'>Isaacus</span> <span class='ocrx_word' id='word_1_234' title='bbox 913 3152 1338 3228; x_wconf 88' lang='lat' dir='ltr'>Casaubonus</span> <span class='ocrx_word' id='word_1_235' title='bbox 1388 3155 1469 3225; x_wconf 89' lang='lat' dir='ltr'>ad</span> <span class='ocrx_word' id='word_1_236' title='bbox 1499 3153 1766 3223; x_wconf 88' lang='lat' dir='ltr'>Livium</span> <span class='ocrx_word' id='word_1_237' title='bbox 1799 3150 2123 3223; x_wconf 88' lang='lat' dir='ltr'>transtulit</span> <span class='ocrx_word' id='word_1_238' title='bbox 2162 3151 2325 3225; x_wconf 80' lang='lat' dir='ltr'>illud</span> 
     </span>
     <span class='ocr_line' id='line_1_33' title="bbox 377 3252 2318 3349; baseline -0.003 -20"><span class='ocrx_word' id='word_1_239' title='bbox 377 3263 642 3329; x_wconf 82' lang='lat' dir='ltr'>Senecae</span> <span class='ocrx_word' id='word_1_240' title='bbox 679 3255 998 3330; x_wconf 85' lang='lat' dir='ltr'>Rhetoris</span> <span class='ocrx_word' id='word_1_241' title='bbox 1031 3252 1113 3324; x_wconf 88' lang='lat' dir='ltr'>de</span> <span class='ocrx_word' id='word_1_242' title='bbox 1154 3254 1522 3324; x_wconf 88' lang='lat' dir='ltr'>Oratorum</span> <span class='ocrx_word' id='word_1_243' title='bbox 1549 3253 1856 3349; x_wconf 79' lang='lat' dir='ltr'>‘principe</span> <span class='ocrx_word' id='word_1_244' title='bbox 1902 3252 2318 3331; x_wconf 60' lang='lat' dir='ltr'>encomium,</span> 
     </span>
     <span class='ocr_line' id='line_1_34' title="bbox 374 3350 2324 3452; baseline -0.003 -25"><span class='ocrx_word' id='word_1_245' title='bbox 374 3357 706 3452; x_wconf 82' lang='lat' dir='ltr'>Populum</span> <span class='ocrx_word' id='word_1_246' title='bbox 738 3360 1114 3429; x_wconf 85' lang='lat' dir='ltr'>Romanum</span> <span class='ocrx_word' id='word_1_247' title='bbox 1148 3350 1334 3443; x_wconf 85' lang='lat' dir='ltr'>hujus</span> <span class='ocrx_word' id='word_1_248' title='bbox 1378 3354 1560 3423; x_wconf 80' lang='lat' dir='ltr'>unius</span> <span class='ocrx_word' id='word_1_249' title='bbox 1594 3353 1933 3448; x_wconf 84' lang='lat' dir='ltr'>ingenium</span> <span class='ocrx_word' id='word_1_250' title='bbox 1965 3377 2077 3450; x_wconf 90' lang='lat' dir='ltr'>par</span> <span class='ocrx_word' id='word_1_251' title='bbox 2108 3353 2324 3449; x_wconf 88' lang='lat' dir='ltr'>impe-</span> 
     </span>
     <span class='ocr_line' id='line_1_35' title="bbox 381 3448 2325 3551; baseline -0.001 -30"><span class='ocrx_word' id='word_1_252' title='bbox 381 3454 483 3522; x_wconf 78' lang='lat' dir='ltr'>rio</span> <span class='ocrx_word' id='word_1_253' title='bbox 507 3451 619 3521; x_wconf 88' lang='lat' dir='ltr'>suo</span> <span class='ocrx_word' id='word_1_254' title='bbox 652 3450 959 3524; x_wconf 85' lang='lat' dir='ltr'>habuisse.</span> <span class='ocrx_word' id='word_1_255' title='bbox 1011 3453 1103 3522; x_wconf 91' lang='lat' dir='ltr'>Et</span> <span class='ocrx_word' id='word_1_256' title='bbox 1133 3451 1399 3551; x_wconf 86' lang='lat' dir='ltr'>quidem</span> <span class='ocrx_word' id='word_1_257' title='bbox 1432 3449 1612 3523; x_wconf 72' lang='lat' dir='ltr'>certe</span> <span class='ocrx_word' id='word_1_258' title='bbox 1651 3449 1817 3520; x_wconf 88' lang='lat' dir='ltr'>adeo</span> <span class='ocrx_word' id='word_1_259' title='bbox 1850 3448 2017 3522; x_wconf 83' lang='lat' dir='ltr'>visus</span> <span class='ocrx_word' id='word_1_260' title='bbox 2035 3448 2132 3522; x_wconf 85' lang='lat' dir='ltr'>est</span> <span class='ocrx_word' id='word_1_261' title='bbox 2151 3477 2325 3521; x_wconf 87' lang='lat' dir='ltr'>non-</span> 
     </span>
    </p>
   </div>
   <div class='ocr_carea' id='block_1_2' title="bbox 381 3546 2327 3722">
    <p class='ocr_par' dir='ltr' id='par_1_3' title="bbox 381 3546 2327 3722">
     <span class='ocr_line' id='line_1_36' title="bbox 381 3546 2322 3664; baseline -0.002 -40"><span class='ocrx_word' id='word_1_262' title='bbox 381 3550 574 3624; x_wconf 88' lang='lat' dir='ltr'>nullis</span> <span class='ocrx_word' id='word_1_263' title='bbox 607 3574 754 3628; x_wconf 85' lang='lat' dir='ltr'>cum</span> <span class='ocrx_word' id='word_1_264' title='bbox 782 3555 1124 3627; x_wconf 83' lang='lat' dir='ltr'>Cicerone</span> <span class='ocrx_word' id='word_1_265' title='bbox 1156 3546 1592 3624; x_wconf 85' lang='lat' dir='ltr'>conferendus</span> <span class='ocrx_word' id='word_1_266' title='bbox 1626 3595 1649 3631; x_wconf 91' lang='lat'>,</span> <span class='ocrx_word' id='word_1_267' title='bbox 1679 3571 1770 3621; x_wconf 38' lang='lat' dir='ltr'>*ut</span> <span class='ocrx_word' id='word_1_268' title='bbox 1802 3574 1940 3622; x_wconf 88' lang='lat' dir='ltr'>non</span> <span class='ocrx_word' id='word_1_269' title='bbox 1977 3549 2322 3664; x_wconf 52' lang='lat' dir='ltr'>dubitaue-</span> 
     </span>
     <span class='ocr_line' id='line_1_37' title="bbox 2192 3670 2327 3722; baseline -0.015 0"><span class='ocrx_word' id='word_1_270' title='bbox 2192 3670 2327 3722; x_wconf 76' lang='lat' dir='ltr'>rint</span> 
     </span>
    </p>
   </div>
   <div class='ocr_carea' id='block_1_3' title="bbox 376 2136 718 2376">
    <p class='ocr_par' dir='ltr' id='par_1_4' title="bbox 376 2136 718 2376">
     <span class='ocr_line' id='line_1_38' title="bbox 376 2136 718 2305; baseline 0 -119"><span class='ocrx_word' id='word_1_271' title='bbox 376 2136 718 2305; x_wconf 95' lang='lat' dir='ltr'>    </span> 
     </span>
     <span class='ocr_line' id='line_1_39' title="bbox 376 2305 381 2376; baseline 0 1990"><span class='ocrx_word' id='word_1_272' title='bbox 376 2305 381 2376; x_wconf 95' lang='lat' dir='ltr'> </span> 
     </span>
    </p>
   </div>
  </div>
 </body>
</html>
