2593 4366
397 136 552 212 742
1076 114 1170 186 T.
1267 116 1331 187 L
1384 136 1416 185 1
1467 140 1513 189 v
1565 137 1598 186 1
1654 131 1684 183 1

410 221 565 314 plex
590 213 825 287 deinde
840 232 1108 287 exortus
1127 237 1365 287 terror.
1383 217 1717 286 Etruriam
1742 213 2064 287 rebellare
2086 214 2172 286 ab
2195 213 2392 290 Area-

414 320 707 384 tinorum
747 312 1170 386 seditionibus
1191 335 1386 385 motu
1415 337 1572 386 orto
1594 314 2061 386 nunciabaturt
2100 314 2215 386 ubi
2235 318 2387 389 cil-

415 416 595 485 nium
631 427 840 513 genus
877 433 1248 511 praepotens
1271 457 1293 493 ‚
1324 414 1695 484 divitiarum
1726 414 1968 484 invidia
1998 415 2161 511 pelli
2176 416 2386 490 armis

331 587 338 595 ,
415 533 738 609 coeptum.
762 513 945 583 simul
970 512 1225 586 Marsos
1248 538 1474 612 agrum
1498 513 1561 583 vi
1577 515 1743 583 tueri
1761 513 1864 603 3in
1887 539 2088 611 quem
2109 516 2390 586 colonia

420 608 720 683 Carseoli
739 612 1019 683 deducta
1034 634 1175 682 erat
1190 657 1213 692 ‚
1243 630 1526 710 quatuor
1546 613 1835 682 millibus
1859 612 2211 684 hominum
2234 611 2395 686 scri-

421 712 579 808 ptis.
626 717 858 809 Itaque
879 733 1154 808 propter
1172 736 1290 782 eos
1313 711 1629 782 tumultus
1651 756 1674 790 ‚
1708 710 1925 781 dietus
1949 716 2052 785 M.
2073 716 2390 786 Valerius

420 809 755 884 Maximus
779 810 1471 909 distator,magistrum
1490 812 1784 908 equitum
1805 809 1927 880 fibi
1944 811 2114 909 legit
2138 820 2156 850 ¹
2178 817 2391 887 M-AE-

420 909 677 979 milium
696 912 1021 982 Paullum.
1058 910 1122 979 id
1146 911 1356 1009 magis
1373 909 1577 980 credo
1602 964 1621 992 ,
1661 935 1857 1006 quam
1881 913 1988 1000 Q
2007 910 2287 984 Fabium
2308 938 2388 985 ea

416 1029 610 1080 aetate
631 1028 830 1108 atque
849 1009 941 1078 eis
967 1008 1331 1079 honoribus
1344 1009 1621 1080 Valerio
1641 1004 2034 1102 subjetfiimm.
2072 1015 2389 1084 caererum

418 1132 502 1179 ex
524 1108 797 1181 Maximi
817 1109 1218 1207 cognomine
1240 1131 1463 1178 ortum
1486 1132 1780 1180 errorem
1816 1107 1990 1179 baud
2015 1109 2388 1182 abnuerim.

418 1202 773 1281 Profectus
807 1207 1093 1277 dictator
1124 1234 1273 1278 cum
1308 1209 1644 1287 exercitu,
1682 1208 1914 1303 praelio
1953 1230 2075 1277 uno
2109 1207 2374 1280 Marsos

424 1303 663 1376 fundit.
704 1306 1053 1402 compulsis
1073 1308 1315 1378 deinde
1334 1309 1402 1378 in
1420 1307 1616 1378 urbes
1636 1308 1919 1378 munitas
1939 1353 1964 1387 ,
1983 1306 2379 1393 Milioniam,

420 1404 777 1477 Plestinam
802 1453 825 1487 ‚
849 1406 1177 1477 Fresiliam
1198 1452 1218 1486 ‚
1239 1406 1571 1484 intradies
1587 1431 1831 1504 paucos
1854 1407 2074 1502 cepit:
2110 1416 2169 1480 &
2188 1411 2379 1506 parte

418 1504 561 1604 agri
585 1506 911 1576 mulffatis
935 1502 1429 1587 Marlis‚³foedus
1454 1505 1758 1577 restituit.
1776 1511 1961 1576 Tum
1983 1507 2051 1574 in
2070 1504 2379 1578 Etruscos

419 1601 678 1674 versum
699 1605 976 1683 bellum,
998 1616 1061 1679 &
1087 1633 1289 1706 quum
1314 1607 1600 1676 dictator
1617 1603 2052 1702 auspiciorum
2074 1628 2379 1705 repeten-

417 1703 658 1774 dorum
679 1703 887 1776 caussa
906 1702 1243 1803 profefius
1267 1710 1557 1778 Romam
1573 1700 2376 1805 effet‚magisterequitum

419 1802 807 1899 pabulatum
835 1802 1161 1904 egressu5‚
1201 1805 1542 1896 exinlidiis
1565 1806 2117 1875 circumvenitur:
2157 1803 2381 1902 lignis,-

417 1926 550 1997 que
587 1901 845 1998 aliquot
884 1904 1125 1975 amiffis
1146 1949 1167 1983 ,
1210 1901 1390 1975 foeda
1408 1905 1692 1975 militum
1717 1905 1990 1975 medeae
2011 1901 2160 2002 fuga
2182 1908 2250 1974 in
2272 1929 2386 1974 ca·

411 2000 541 2069 stra
558 1998 653 2069 est
673 1999 1071 2096 compulsus.
1106 2003 1221 2102 qui
1257 2026 1476 2073 terror
1509 2028 1644 2073 non
1671 2027 1766 2074 eo
1797 2025 2054 2074 tantum
2090 2006 2126 2073 a
2160 2003 2373 2074 Fabio

416 2094 768 2178 abhorret,
803 2100 983 2200 quod
1021 2100 1063 2172 fi
1103 2127 1233 2202 qua
1254 2104 1375 2173 alia
1397 2124 1532 2174 arte
1546 2127 1922 2204 cognomen
1944 2100 2132 2171 suum
2151 2129 2375 2203 aequa-

413 2198 537 2277 vit,
558 2219 699 2271 tum
722 2202 1005 2273 maxime
1023 2202 1282 2274 bellicis
1307 2205 1630 2275 laudibus:
1653 2201 1764 2274 sed
1782 2202 1993 2282 etiam,
2015 2206 2203 2299 quod
2229 2228 2378 2273 me-

417 2323 572 2369 mor
587 2301 940 2397 Papirianae
964 2299 1217 2373 saevitiae
1236 2360 1250 2384 ,
1275 2328 1633 2404 numquam
1653 2349 1673 2383 ‚
1698 2326 1770 2373 ut
1787 2303 2115 2373 dictatoris
2134 2299 2371 2392 injustia

347 2414 402 2485 4
425 2398 807 2481 dimicaret,
843 2401 1075 2472 adduci
1104 2402 1430 2498 potuiss'en
1499 2405 1831 2475 Nunciata
1853 2428 1936 2472 ea
1961 2400 2179 2473 clades
2214 2404 2375 2473 Ro-

418 2522 629 2575 mam,
661 2523 982 2593 majorem
1007 2528 1203 2600 quam
1227 2528 1328 2572 res
1352 2525 1491 2574 erat
1513 2550 1534 2582 ,
1572 2524 1898 2573 terrorem
1916 2523 2186 2573 excivit.
2218 2526 2371 2571 nam

416 2618 489 2665 ut
507 2598 800 2667 exercitu
820 2599 1048 2670 deleto
1075 2653 1096 2682 ,
1129 2602 1220 2671 ita
1236 2601 1552 2694 justitium
1573 2603 1939 2674 indifflmm:
1972 2598 2370 2673 custodiaein

413 2694 658 2790 portis,
675 2697 911 2795 vigiliae
927 2701 1187 2771 vicatim
1210 2704 1477 2773 exastae:
1498 2699 1700 2780 arma,
1720 2704 1852 2772 tela
1870 2704 1937 2771 in
1961 2725 2189 2771 muros
2211 2725 2371 2771 cona·

412 2792 617 2890 gesta.
673 2798 1011 2868 Omnibus
1028 2801 1402 2891 junioribus
1424 2797 1832 2871 sacramento
1854 2800 2100 2870 adatffis
2120 2845 2140 2877 ‚
2163 2801 2368 2872 dicta-

410 2910 520 2962 tor
536 2893 614 2965 ad
634 2898 997 2969 exercitum
1016 2894 1485 2978 miss'us‚omnia
1502 2898 1607 2996 spe
1624 2901 2084 2998 tranquilliora
2103 2909 2168 2973 &
2189 2924 2377 2970 com-

413 2992 625 3089 posita
642 2996 931 3094 magistri
949 3000 1242 3097 equitum
1264 3025 1416 3069 cura
1435 3056 1452 3083 ,
1493 2997 1695 3071 castra
1714 3000 1784 3094 in
1803 2999 2131 3087 tutiorem
2149 3002 2371 3070 locum

416 3093 1035 3180 redasta3cohortes
1056 3148 1078 3180 ,
1116 3122 1258 3195 quat
1284 3096 1461 3197 ligna
1489 3095 1833 3169 anuserant
1855 3144 1878 3177 ‚
1915 3120 2106 3169 extra
2126 3101 2372 3167 vallum

413 3188 548 3262 fine
589 3194 890 3266 tentoriis
926 3196 1269 3268 destitutas
1306 3243 1327 3279 ,
1356 3199 1607 3268 invenit
1644 3225 1661 3267 ε
1700 3190 2066 3269 exercitum
2105 3200 2370 3281 avidum

412 3314 644 3390 pugna:
663 3317 799 3392 quo
814 3296 1126 3366 maturius
1145 3296 1506 3394 ignominia
1523 3296 1929 3369 aboleretur.
1949 3307 2185 3466 ltaqu}
2200 3321 2376 3465 eda-n·-

2173 3421 2209 3466 e
2271 3420 2373 3465 xm

604 3596 647 3640 V
683 3606 718 3640 A
761 3604 799 3642 ιι
829 3607 847 3639 ι
889 3608 925 3641 o
965 3606 1001 3642 n
1048 3607 1077 3640 u
1115 3605 1174 3640 ιιι.
1418 3594 1507 3638 lum
1524 3592 1650 3640 scribi
1674 3589 1853 3641 dnobus
1884 3593 2200 3659 Leapitolini
2230 3594 2367 3656 Lapi-

1412 3656 1491 3707 des
1516 3665 1567 3712 ὁ(
1597 3665 1775 3713 ntunmi
1796 3669 1990 3728 argentei
2015 3661 2205 3711 docem.
2234 3667 2370 3728 sig·-

482 3729 510 3792 2,
551 3729 915 3793 astysmus«,-
940 3727 1350 3831 Palmam-1·
1415 3733 1523 3778 asa..
2045 3792 2048 3795 Ι
2151 3792 2191 3846 ,3
2220 3764 2382 3860 (ὦ.
