2593 4366
373 149 501 206 102
1078 125 1179 204 T.
1268 125 1336 202 L'
1380 152 1412 203 1
1457 151 1502 201 v
1553 147 1586 200 ι
1637 139 1671 202 ἰ

365 253 566 329 atque
582 227 889 303 inertium
908 231 1713 327 querelarum‚au&rorque
1732 223 1915 327 quod
1937 221 2356 332 viroS,quoff·

372 333 724 402 Romanos
743 331 1009 402 deceret
1028 374 1048 410 ‚
1071 354 1252 401 arma
1272 305 1897 426 capiendi⁸adversus
1926 329 2190 402 hostilia
2218 348 2350 404 au-

375 425 525 501 sos!
549 427 1006 501 Ferocissimus
1024 424 1295 527 quisque
1313 431 1623 523 juvenum
1640 454 1786 501 cum
1806 429 2003 500 armis
2023 433 2338 503 volunta·

377 529 507 601 rius
528 525 727 598 adest.
743 524 1028 624 sequitur
1051 537 1115 602 &
1140 547 1377 600 caetera
1396 531 1721 622 juventus,
1779 529 1944 599 Inde
1966 528 2102 625 pari
2121 528 2339 626 praefi-

378 628 492 698 dio
513 627 746 698 relicto
765 626 1068 700 Collatiae
1104 626 1184 699 ad
1207 648 1460 724 portu,
1475 623 1974 725 custodibusque
1995 629 2161 699 datis
2181 673 2203 709 ‚
2242 654 2328 701 ne

374 727 523 824 quis
539 747 691 795 eum
708 745 967 798 motum
989 727 1249 797 renibus
1271 727 1646 812 nunciaret;
1667 730 1885 797 caeteri
1919 727 2149 796 armati
2165 728 2335 799 duce

377 826 583 897 Bruto
608 827 899 895 Romam
919 786 1225 922 Ρῖοίξᾶί.
1261 825 1398 899 Ubi
1415 850 1501 896 eo
1522 847 1789 895 ventum
1805 823 1926 904 est,
1943 849 2334 924 quacunque

375 920 623 994 incedit
641 943 889 994 armata
906 923 1261 997 multitudo
1279 969 1302 1004 ‚
1335 948 1650 1021 pavorem
1677 949 1748 994 ac
1775 925 2127 994 tumultum
2150 920 2330 997 facit-⁹

378 1019 593 1093 rursus
625 1021 738 1093 ubi
769 1023 1016 1095 anteire
1051 1024 1372 1120 primores
1405 1021 1686 1097 civitatis
1721 1022 1972 1104 vident,
2014 1023 2333 1122 quicquid

376 1118 484 1200 fit,
503 1120 674 1193 haud
693 1145 942 1194 temere
959 1117 1084 1194 effe
1105 1141 1353 1193 rentur.
1402 1125 1556 1196 Nec
1579 1122 1905 1193 minorem
1924 1143 2183 1192 motum
2198 1123 2341 1192 ani·
2454 1115 2464 1124 ’

379 1245 641 1293 morum
668 1223 905 1294 Romae
926 1242 1061 1292 tam
1086 1242 1273 1291 atrox
1301 1246 1402 1291 res
1423 1218 1581 1312 facit
1603 1266 1625 1300 ,
1657 1246 1856 1333 quam
1890 1220 2199 1292 Collatia:
2237 1217 2341 1292 fea

380 1342 582 1392 cerat.
634 1323 820 1419 Ergo
839 1346 920 1392 ex
940 1319 1249 1393 omnibus
1282 1321 1450 1392 locis
1470 1319 1647 1391 urbis
1685 1344 1752 1389 m
1793 1315 2009 1389 forum
2031 1318 2335 1393 curritur&

380 1423 546 1514 Qo
568 1417 754 1490 simul
776 1443 1041 1492 ventum
1059 1418 1179 1502 est,
1198 1444 1416 1517 praeco
1435 1419 1514 1491 ad
1536 1417 1868 1489 tribunum
1889 1417 2202 1490 Celerum
2221 1461 2241 1497 ‚
2261 1418 2343 1489 iti·

380 1541 520 1614 quo
538 1538 679 1589 tum
696 1519 1073 1618 magistratu
1091 1517 1265 1591 forte
1284 1524 1523 1591 Brutus
1536 1539 1700 1597 erat,
1718 1518 2036 1615 populum
2053 1517 2339 1587 advocas

381 1615 504 1686 vit.
558 1616 663 1686 Ibi
684 1621 901 1689 oratio
929 1618 1174 1698 habita,
1207 1641 1623 1718 nequaquam
1663 1619 1804 1707 ejus
1828 1616 2113 1712 perstoris
2144 1616 2337 1716 inge-³

382 1713 604 1811 niique
620 1716 800 1812 quod
819 1716 1184 1789 simulatum
1203 1719 1283 1789 ad
1301 1741 1448 1789 eam
1471 1716 1648 1788 diem
1671 1711 1882 1786 fuerat
1900 1759 1923 1792 ‚
1960 1714 2044 1785 de
2066 1715 2129 1785 vi
2160 1740 2233 1785 ac
2252 1715 2337 1784 li-

384 1811 608 1885 bidine
628 1817 812 1892 Sexti
827 1818 970 1892 ‘rar
1064 1815 1179 1887 'nii
1197 1861 1221 1897 ‚
1257 1815 1341 1888 de
1362 1814 1586 1911 stupro
1615 1810 2234 1902 infando-Lucretia·-
2262 1821 2338 1886 &-

383 1907 951 2000 miserabilitffl
1010 1913 1356 1987 corbitate
1380 1912 1781 2010 Tricipitini,
1798 1911 1906 1982 tui
1940 1933 2158 1981 morte
2188 1910 2335 1984 filiae

384 2007 572 2083 causa
604 2007 837 2086 mortis
863 2011 1195 2113 ibdignior
1226 2038 1302 2085 ac
1343 2009 1769 2086 miserabilior
1786 2006 1964 2081 eflet.
1998 2008 2216 2079 addita
2233 2005 2338 2079 su-

506 2109 612 2179 bia
628 2107 820 2210 ipsius
843 2112 1040 2213 regis,
1061 2105 1462 2215 miseriaque
1498 2119 1563 2187 δε
1589 2109 1848 2181 labores
1869 2106 2083 2206 plebis
2115 2108 2181 2177 in
2201 2101 2338 2178 fos-

381 2133 503 2281 fae:
495 2204 877 2310 cloacasque
892 2210 1362 2285 exhauriendas
1386 2206 1714 2284 demersae.
1761 2211 2106 2282 Romanos
2124 2207 2344 2277 homi-s

382 2330 501 2379 nes
527 2310 813 2382 viantes
832 2309 1129 2383 omnium
1146 2312 1316 2385 circa
1336 2313 1758 2411 populorum,
1778 2304 2050 2404 opifices
2072 2331 2143 2378 ac
2173 2307 2341 2399 lapi-

381 2405 560 2479 cidas
581 2402 1147 2504 probellatoribus
1174 2407 1408 2483 factos.
1461 2410 1737 2508 Indigna
1763 2406 1970 2479 Servii
1992 2406 2200 2476 Tullii
2229 2429 2339 2476 re-

381 2505 491 2605 gis·
509 2529 876 2581 memorata
888 2508 1097 2582 caedes
1114 2566 1133 2591 ,
1157 2519 1223 2583 δι
1250 2510 1510 2581 invefia
1529 2506 1793 2604 corpori
1817 2503 2016 2601 patris
2043 2501 2344 2575 nefando·

382 2603 688 2676 vehiculo
707 2606 874 2679 filia:
895 2609 1316 2707 invocatique
1347 2611 1598 2680 ultores
1636 2626 1980 2704 parentum
2012 2604 2152 2675 Dii.
2197 2602 2326 2673 His

368 2702 971 2806 -atrocioribusque,
992 2709 1219 2791 credo,
1240 2709 1379 2779 aliis
1400 2753 1422 2786 ‚
1443 2732 1586 2820 quae
1606 2699 1882 2804 praesens
1922 2727 2134 2773 rerum
2168 2701 2338 2773 indi-

381 2804 598 2903 gnitas
621 2802 1122 2919 haudquaquam
1145 2809 1353 2879 relatu
1367 2802 1789 2902 scriptoribus
1812 2799 2026 2872 facilia
2043 2798 2328 2892 subjicit,

383 2904 794 2984 memoratis,
812 2900 1133 2977 incensam
1152 2906 1637 2977 multitudinem
1656 2901 1940 2999 perpulit
1961 2949 1980 2982 ‚
2019 2922 2090 2970 ut
2120 2899 2337 2993 impe-

381 3000 551 3072 rium
573 3001 711 3101 regi
735 3002 1105 3104 abrogaret,
1136 3001 1488 3103 exulesque
1525 2998 1925 3094 effejuberet
1951 2997 2342 3095 L-Tarqui-
2419 3008 2422 3013 ’

385 3100 567 3170 nium
586 3126 734 3171 cum
752 3106 1035 3202 conjuge
1056 3128 1126 3174 ac
1146 3103 1393 3175 liberis.
1451 3098 1588 3199 Ipse
1612 3098 1972 3193 junioribus
2003 3098 2115 3195 qui
2151 3097 2334 3166 ultro

385 3202 653 3269 nomina
668 3200 939 3282 dabant,
960 3203 1144 3274 lestis
1164 3198 1554 3300 armatisque
1572 3250 1594 3284 ,
1617 3198 1692 3270 ad
1709 3198 2166 3270 concitandum
2183 3195 2340 3268 inde

384 3290 688 3369 adversus
719 3323 944 3398 regem
977 3302 1335 3375 exercitum
1356 3302 1646 3373 Ardeam
1666 3299 1732 3369 in
1762 3295 1966 3368 castra
1995 3293 2089 3365 est
2113 3290 2341 3392 profe-

385 3397 565 3483 ἂυες
586 3398 931 3496 imperium
955 3401 1021 3472 in
1060 3401 1221 3473 urbe
1243 3400 1599 3478 Lucretio,
1640 3394 1954 3494 praefeffo
1987 3394 2161 3465 urbis
2198 3395 2381 3487 jam·'

385 3516 536 3566 ante
552 3496 634 3567 ab
653 3523 807 3597 rege
828 3497 1143 3584 instituto,
1166 3500 1503 3599 relinquit.
1552 3503 1737 3569 Inter
1773 3496 1947 3566 hunc
1976 3493 2332 3565 tumultum

382 3593 612 3665 Tullia
648 3596 855 3667 domo
876 3595 1067 3695 profu
1120 3599 1212 3669 itt
1243 3596 1700 3671 execrantibus
1736 3616 2124 3692 quacunque
2157 3592 2372 3691 inces

375 3689 579 3767 debat·
611 3626 1200 3799 invocantibufi'ine
1244 3719 1593 3798 parentum
1620 3690 1816 3785 furias
1851 3692 2004 3767 viris
2041 3689 2334 3860 anullini·
2371 3774 2377 3780 θ

1023 3840 1034 3849 .
1943 3848 1954 3857 .
2101 3815 2138 3861 u
2171 3812 2326 3888 que.
