2593 4366
366 151 515 232 4¹0
1045 121 1150 201 T.
1244 130 1306 202 L
1358 153 1391 202 1
1443 152 1488 202 v
1538 151 1570 202 1
1618 142 1659 195 ι’

369 233 584 310 Veios
606 228 685 304 ad
705 226 1198 305 confirmandos
1220 228 1506 300 militum
1524 228 1777 300 animos
1794 227 2205 305 intercurrit:
2232 231 2341 307 in-

367 335 458 408 de
499 336 791 411 Romam
831 331 911 402 ad
956 325 1366 401 scribendum
1403 339 1651 400 novum
1707 331 2064 402 exercitum
2127 335 2338 420 redit3

376 433 564 506 nullo
594 433 1004 503 detret‘itante
1039 429 1367 499 militiam.
1414 429 1766 527 Peregrina
1801 430 1999 500 etiam
2028 435 2337 521 juventus

374 532 598 604 Latini
619 530 1047 626 Hernicique,
1065 552 1339 623 operam
1360 523 1533 597 suam
1555 530 1976 624 pollicentes,
1998 530 2077 599 ad
2110 533 2178 603 id
2196 533 2342 604 bel-

376 632 515 703 lum
535 654 814 700 venere:
852 627 1088 727 quibus
1120 652 1322 726 quum
1351 628 1592 725 gratias
1627 627 1693 696 in
1726 624 1948 698 senatu
1985 627 2344 729 egiffet'di-

378 726 804 809 &atonsatis
841 731 970 819 jam
1008 728 1317 796 omnibus
1352 726 1430 796 ad
1457 725 1520 796 id
1556 725 1806 796 bellum
1825 731 2066 823 paratis
2088 781 2109 814 ,
2146 733 2341 803 ludos

382 849 664 927 magnos
699 854 780 900 ex
801 822 1360 898 senatusconsulto
1394 825 1578 898 vovit
1600 825 1788 900 Veiis
1807 830 2013 923 captis
2035 825 2097 899 se
2130 825 2343 902 fafiu-

370 951 558 999 rum:
592 928 933 1027 aedemque
953 929 1224 1000 Matutae
1264 925 1491 996 matris
1524 920 1831 996 refeeram
1857 927 2346 1017 dedicaturum,‘

362 1028 492 1123 jam
514 1025 663 1097 ante
686 1026 767 1096 ab
782 1024 1411 1124 regeServioTullio
1430 1021 2172 1098 dedicatam.pr0fe6tus
2189 1056 2345 1103 cum

313 1124 324 1136 ’
373 1127 667 1199 exercitu
685 1126 767 1197 ab
799 1125 960 1197 urbe
980 1121 1466 1222 exspestatione
1491 1124 1833 1195 hominum
1854 1126 2104 1217 majore
2131 1153 2345 1224 quam

371 1222 593 1322 spe,in
627 1250 788 1326 agro
809 1225 1089 1323 primum
1113 1222 1451 1320 Nepesino
1478 1249 1628 1294 curn
1658 1219 1915 1296 Faliscis
1946 1232 2009 1298 δι
2032 1226 2353 1322 Capena..-⁸

377 1325 552 1396 tibus
574 1324 750 1424 figna
771 1320 1059 1395 confert.
1113 1324 1365 1394 Omnia
1384 1324 1476 1393 ibi
1497 1319 1744 1395 summa
1760 1322 2012 1393 ratione
2031 1323 2344 1395 confilio-

376 1449 509 1523 que
535 1425 677 1495 aeta
698 1481 716 1507 ,
743 1421 1004 1494 fortuna
1039 1423 1240 1493 etiam
1269 1471 1286 1499 ‚
1320 1444 1392 1492 ut
1411 1421 1487 1493 fit
1509 1468 1530 1503 ‚
1561 1418 1776 1492 secuta
1795 1420 1913 1494 est.
1955 1448 2090 1494 non
2108 1425 2349 1520 praelio

377 1541 635 1594 tantum
656 1519 820 1594 fudit
839 1520 1061 1593 hostes
1079 1571 1101 1604 ‚
1139 1519 1249 1596 sed
1272 1520 1493 1593 castris
1515 1545 1785 1621 quoque
1814 1523 1991 1593 exuit
2006 1572 2029 1606 ‚
2056 1522 2349 1621 ingenti-

296 1694 302 1701 ,
377 1646 508 1721 que
531 1622 745 1719 praeda
763 1620 859 1694 est
877 1621 1151 1718 potitus:
1179 1623 1359 1714 cujus
1379 1646 1523 1717 pars
1544 1625 1827 1691 maxima
1844 1621 1923 1691 ad
1946 1620 2345 1720 quaestorem

379 1722 641 1792 redasta
679 1719 818 1793 est:
868 1721 1040 1791 haud
1076 1723 1166 1790 ita
1203 1725 1482 1792 multum
1527 1720 1722 1790 militi
1757 1719 2006 1791 datum.
2062 1722 2223 1792 Inde
2258 1722 2341 1793 ad

311 1891 322 1901 ,
378 1820 588 1891 Veios
603 1822 930 1892 exercitus
957 1820 1216 1903 duetus,
1236 1817 1666 1918 densioraque
1686 1817 1950 1890 castelia
1968 1814 2137 1890 faeta
2160 1849 2176 1890 ε
2200 1830 2265 1895 δι
2295 1821 2336 1892 εὶ

377 1916 978 2016 procursationibus
1003 1963 1024 1998 ‚
1062 1944 1208 2016 quae
1228 1921 1450 1990 multae
1487 1917 1741 1994 temere
1781 1919 1953 1989 inter
1971 1944 2227 1990 murum
2261 1944 2342 1991 ac

376 2020 623 2090 vallum
648 2017 919 2097 fiebant,
938 2018 1274 2097 edistome
1298 2018 1442 2114 quis
1460 2013 1688 2111 injussu
1710 2039 2055 2116 pugnaret,
2074 2019 2155 2090 ad
2172 2042 2338 2116 opus

379 2118 622 2190 milites
643 2118 948 2190 traduffl.
967 2119 1269 2217 Operum
1293 2114 1412 2188 fuit
1429 2121 1727 2189 omnium
1749 2117 1951 2217 longe
1977 2118 2336 2192 maximum

379 2243 455 2288 ac
476 2217 1068 2297 laboriofiffimum,
1087 2219 1421 2288 cuniculus
1439 2218 1503 2287 in
1518 2238 1733 2289 arcem
1756 2216 2041 2289 hostium
2062 2219 2166 2318 agi
2187 2244 2338 2293 coe-

181 2318 192 2328 '
273 2350 280 2361 ·
349 2338 555 2414 -ptus.
593 2318 775 2416 quod
794 2342 875 2388 ne
896 2316 1443 2388 intermitteretur
1463 2341 1664 2413 opus,
1700 2342 1826 2389 neu
1845 2314 2148 2388 subterra
2169 2342 2335 2388 con-

377 2418 598 2488 tinuus
637 2416 827 2487 labor
844 2412 1112 2489 eosdem
1133 2414 1527 2495 conficeret,
1569 2417 1633 2487 in
1657 2440 1874 2514 partes
1912 2414 2019 2488 sex
2044 2417 2338 2488 munito-

379 2540 522 2586 rum
543 2540 881 2588 numerum
900 2515 1149 2586 divifit:
1195 2515 1359 2587 senae
1379 2517 1555 2586 horae
1588 2517 1655 2585 in
1680 2515 1915 2587 orbem
1939 2518 2125 2614 operi
2147 2517 2341 2590 attri-

377 2614 551 2685 butae
568 2612 710 2686 sunt
730 2644 747 2684 ε
769 2616 963 2687 nodie
981 2640 1054 2686 ac
1074 2614 1178 2687 die
1201 2641 1559 2714 numquam
1584 2637 1734 2686 ante
1764 2611 2064 2687 omiss'um
2085 2660 2103 2695 ‚
2130 2640 2333 2715 quam

265 2713 444 2799 zoin
463 2738 678 2786 arcem
701 2715 868 2783 viam
889 2710 1200 2786 facerent.
1238 2716 1559 2786 Βὶᾶεῐου
1572 2741 1772 2812 quum
1793 2717 1923 2807 jam
1942 2715 2008 2785 in
2032 2715 2337 2786 manibus

376 2812 627 2884 videret
645 2813 986 2885 vifioriam
1007 2810 1159 2897 esse,
1181 2815 1410 2884 urbem
1427 2813 1981 2911 opuientiffimam
2005 2812 2336 2909 capi,tan-

372 2928 649 3009 tumque
686 2914 914 3010 praedae
955 2909 1099 2984 fore
1144 2935 1461 3010 quantum
1505 2939 1640 2984 non
1680 2911 1983 2983 omnibus
2017 2910 2085 2980 in
2123 2936 2328 2983 unum

375 3013 637 3081 collatis
677 3014 827 3082 ante
869 3012 1059 3082 bellis
1080 3007 1286 3082 fuifl'et
1303 3062 1320 3091 ‚
1363 3038 1444 3083 ne
1480 3039 1676 3110 quam
1716 3010 1864 3080 inde
1900 3030 2008 3077 aut
2040 3009 2327 3080 militum

373 3108 536 3180 iram
571 3135 651 3181 ex
679 3112 1087 3208 malignitate
1108 3113 1338 3206 praedae
1356 3115 1649 3208 partitas,
1686 3132 1790 3180 aut
1810 3106 2121 3179 invidiam
2157 3108 2333 3205 apud

372 3216 601 3283 Patres
619 3235 698 3281 ex
723 3212 994 3307 prodiga
1013 3210 1360 3306 largitione
1380 3232 1641 3308 caperet
1658 3256 1678 3289 ,
1696 3212 1913 3280 literas
1934 3207 2011 3279 ad
2033 3204 2336 3280 senatum

375 3306 567 3380 mifit.
620 3301 809 3380 Derim
825 3312 1231 3379 immortalium
1249 3309 1614 3401 benignitate,
1623 3308 1737 3403 suis
1756 3307 1996 3405 confiliis,
2013 3308 2083 3384 <5
2100 3310 2334 3401 patien-

373 3409 461 3475 tia
481 3410 751 3492 miiitum,
775 3412 923 3478 Veios
938 3410 1070 3504 jam
1088 3405 1219 3499 fore
1253 3412 1313 3478 in
1324 3406 1587 3502 potestate
1614 3411 1795 3502 populi
1819 3409 2075 3478 Romani.
2112 3406 2336 3496 quidde

369 3505 888 3597 praedafaciendum
908 3506 1190 3602 censerent
1204 3516 1239 3579 ?
1264 3512 1429 3579 Duae
1454 3505 1746 3579 senatum
1766 3507 2161 3579 distinebant
2186 3504 2331 3576 sen-

369 3606 630 3678 tentiae:
673 3607 837 3679 senis
870 3616 945 3681 Ρ.
969 3609 1228 3688 Licinii,
1247 3632 1443 3707 quem
1466 3608 1749 3704 primum
1774 3604 1990 3678 dixisse
2011 3605 2043 3675 ὲ
2068 3603 2209 3677 filio
2229 3604 2334 3674 in-

365 3710 785 3805 'tcrrogatum
804 3703 1047 3790 ferunt,
1062 3707 1234 3780 edici
1263 3709 1482 3811 palam
1520 3707 1783 3808 placere
1799 3707 2086 3805 populo,
2122 3725 2190 3774 ut
2216 3702 2338 3813 qui

369 3842 383 3853 -
465 3836 480 3847 -
2123 3822 2334 3901 partr-
