2593 4366
409 56 501 132 Ἐκ
525 50 814 134 'Bar-ru.
848 57 1123 130 Bor-nr.
1157 76 1257 125 ns
1290 56 1499 131 Rom.
1534 55 1763 128 str.
1795 60 2064 130 Senis.

321 156 438 240 vixi,
496 159 884 260 uopraeclara
899 158 1015 229 illa
1032 152 1873 254 commentariadescripfit.
1924 158 2210 235 Nullius·

308 184 598 331 εεηὲἹίΒτῑ
617 281 753 330 tam
769 256 1082 335 libenter,
1102 277 1174 325 ut
1190 254 1405 353 inquit
1419 256 1697 354 Regius,
1715 280 1836 327 nec
1858 278 2036 329 tanta
2052 286 2203 335 cum

311 363 584 458 voluptate
619 358 1040 443 leecitantur3
1071 355 1419 434 nimirum,
1456 356 1641 455 quod
1658 358 1894 429 mellea
1925 358 2205 457 quadam

302 456 506 529 dicendi
525 454 838 529 suavitate
853 453 1184 526 exundare
1203 453 1461 524 videtur
1481 480 1648 555 ·,qua
1666 457 1775 528 vel
1789 455 1859 527 in
1875 457 2205 556 quotidia-

296 583 396 637 no,
422 566 475 630 ἀ
493 553 802 628 familiari
836 553 1140 627 sermone
1156 551 1325 626 adeo
1433 550 1637 627 liuiffe
1658 557 1761 629 vir
1774 556 1888 626 ilie
1905 556 2205 639 traditur,

292 679 351 726 ut
372 659 725 755 complures
744 698 767 736 ‚
798 653 1191 737 nobilitate,
1225 654 1341 752 opi
1394 648 1591 752 usque
1621 654 2036 753 praestantes‚
2073 678 2209 730 tarn

284 756 650 827 admirabilis
686 750 1002 825 facundiae
1035 748 1204 825 fama
1233 755 1562 851 permoti,
1591 777 1674 825 ex
1706 756 1947 826 ultimis
1966 752 2209 855 Hispa-

274 855 369 927 niae
395 857 647 927 Galliae
700 878 779 924 ue
810 849 1093 932 finibus,
1126 877 1429 951 quocum
1466 852 1764 926 audirent
1790 857 2204 955 loquentem,

268 957 541 1028 Romam
570 950 638 1025 se
668 978 707 1024 e
723 952 1164 1023 contulerintz
1197 954 1288 1023 Et
1305 997 1329 1033 ‚
1359 952 1538 1052 quod
1551 950 1647 1024 est
1662 954 1944 1037 maxime
1965 956 2209 1029 miran-

259 1055 398 1128 dum
417 1104 442 1136 ‚
532 1079 653 1126 uos
672 1074 869 1124 tantae
887 1050 1085 1126 Urbis
1102 1104 1124 1134 ‚
1154 1075 1226 1122 ac
1247 1073 1384 1123 tum
1401 1050 1727 1151 praecipue
1765 1050 2099 1135 florentis,
2131 1079 2207 1126 ac

255 1156 492 1254 triump
542 1154 760 1233 antis,
793 1153 1269 1250 contemplatio
1300 1150 1381 1222 ad
1410 1147 1477 1223 se
1512 1174 1703 1224 antea
1734 1178 1871 1223 non
1903 1174 2205 1236 traxerat,

253 1255 437 1327 unius
475 1254 601 1326 viri
631 1252 1011 1350 eloquentia
1041 1249 1372 1348 perduxit.
1427 1253 1593 1347 Qo
1625 1253 1834 1344 major
1866 1248 1945 1321 fit
1977 1274 2209 1326 eornm

248 1351 505 1426 inscitia
522 1399 545 1434 ‚
564 1352 683 1451 qui
698 1350 1196 1423 Patavinitatem
1212 1348 1535 1461 quandam
1550 1352 1621 1421 in
1643 1350 1843 1422 Livio
1855 1348 2212 1448 reprehen-

251 1453 414 1525 dunt
429 1499 455 1534 ,
491 1476 695 1552 quam
720 1445 1079 1549 dispeream
1095 1445 1140 1519 si
1162 1448 1422 1519 Annius
1440 1444 1578 1548 ipse
1592 1494 1616 1532 ‚
1651 1471 1786 1535 tam
1806 1449 2093 1522 ridicula
2107 1452 2213 1523 in-

249 1572 498 1624 ventor
536 1551 911 1632 calumniae,
942 1546 1105 1648 quid
1121 1542 1278 1620 esset
1311 1543 1578 1620 sciebat.
1630 1548 2026 1622 Dubitatum
2061 1551 2213 1650 qui-

249 1652 415 1724 dem
432 1647 684 1749 semper
698 1647 792 1721 est
808 1647 891 1719 ab
908 1645 1177 1720 eruditis
1194 1694 1215 1728 ‚
1237 1647 1613 1748 pendetque
1647 1649 2004 1733 etiamnum
2020 1650 2212 1722 inex·-

252 1753 501 1849 plicata
514 1745 784 1919 Ἕικίὶίο
818 1746 901 1819 de
922 1746 1195 1819 Liviana
1209 1749 1683 1839 Patavinitate3
1717 1750 2051 1843 nonnullis
2068 1751 2212 1821 exi-

254 1848 545 1922 stimanti
598 1875 670 1920 us
702 1846 1059 1920 delicatum
1086 1848 1410 1920 Pollionis
1444 1846 1653 1920 Asinii
1692 1852 1979 1948 palatum
2008 1843 2217 1925 visum
2365 1870 2370 1875 '

258 1946 377 2021 fibi
392 1944 577 2022 fuisse
592 1946 842 2047 aliquid
863 1947 933 2020 in
950 1942 1148 2018 Livio
1163 1943 1419 2049 gustare
1438 1992 1461 2028 ‚
1495 1948 1676 2049 quod
1693 1974 1831 2020 non
1851 1943 2047 2047 usque
2099 1973 2213 2019 ua-

259 2074 389 2148 que
426 2045 684 2147 saperet
717 2046 984 2146 genium
1017 2040 1686 2137 Romanisermoru's.
1735 2046 2082 2139 -Credenri
2138 2073 2209 2118 us

261 2149 401 2221 aliis
440 2146 569 2220 hoc
603 2146 874 2219 nomine
909 2145 1449 2246 peregrinitatem
1491 2141 1984 2249 orthographiae
2009 2142 2212 2244 fflfuiss'e

263 2243 766 2440 22¹1&ssstssae
806 2241 1366 2441 (ἒιῖἵῗῗῗῖἲῗιὲ
1395 2246 1919 2447 ἓεῖἕρὶἔῗῗά
1929 2249 2210 2417 'iffi‘

264 2443 384 2518 nisi
433 2392 1011 2525 alior,'obse’rvavit
1028 2370 1414 2515 L’ai’irentitis
1434 2367 1779 2544 pignorius
1796 2489 1820 2525 ‚
1839 2372 2002 2515 altgr
2018 2390 2213 2516 Pata-'-

269 2546 590 2626 vinorum
603 2543 847 2623 Livius,
868 2543 1199 2643 originum
1217 2542 1463 2640 patriae,
1481 2566 1679 2642 atque
1698 2542 1863 2615 adeo
1877 2545 2078 2616 totius
2099 2571 2215 2617 ve-

268 2641 529 2716 tustatis
560 2638 998 2738 solertiffimus
1034 2638 1405 2741 indagator.
1458 2641 2212 2721 contendentibusaliis

242 2767 414 2815 -eam
432 2742 930 2816 Patavinitatem
961 2737 1124 2812 nihil
1154 2736 1330 2812 aliud
1359 2736 1486 2814 esse
1504 2787 1529 2823 ,
1562 2765 1759 2841 quam
1783 2743 2215 2817 'iterationem

268 2838 455 2914 simul
487 2843 772 2940 plurium
799 2841 870 2910 in
898 2836 1144 2912 eisdem
1175 2838 1465 2938 periodis
1488 2839 1870 2932 verborum..
1923 2838 2217 2937 Qibus-

264 2940 422 3013 dam
455 2938 836 3013 volentibus
868 2936 1148 3011 studium
1225 2939 1460 3011 artium
1475 2942 2020 3040 Pompeianarum
2036 2940 2217 3012 illam

266 3035 397 3114 effe
429 3040 934 3113 Patavinitatem
961 3035 1049 3108 ab
1080 3040 1144 3109 A
1173 3038 1313 3110 mio
1339 3061 1660 3112 notatam.
1727 3041 2218 3138 Deniquenon

270 3140 489 3239 paucis
508 3135 973 3239 suspicantibus
993 3137 1216 3236 patriae
1231 3133 1355 3209 suae
1373 3184 1396 3219 ,
1413 3134 1806 3240 suorumque
1823 3140 2067 3228 civium
2079 3141 2218 3211 lau·

269 3238 410 3320 des,
429 3260 616 3338 parte
629 3238 852 3336 operis
870 3238 1006 3330 jam
1023 3235 1361 3334 deperdita
1375 3234 1577 3311 effuse
1592 3264 1697 3310 am
1745 3234 2019 3309 lificatas
2040 3281 2064 3319 ‚
2095 3235 2217 3312 hae

266 3362 439 3409 voce
458 3333 734 3408 censeri.
785 3341 1047 3409 Senecae
1065 3335 1290 3407 Livius
1319 3335 1603 3409 creditus
1635 3362 1672 3408 e
1765 3330 1941 3407 fuisse
1968 3339 2217 3438 ingenii

265 3438 498 3536 magni
515 3438 719 3536 magis
738 3481 759 3515 ‚
779 3459 978 3535 quam
998 3433 1183 3505 boni.
1236 3435 1530 3507 Bodinus
1548 3431 1799 3524 accusat
1818 3433 1886 3506 in
1903 3437 2099 3510 Livio
2114 3435 2217 3506 di-

264 3534 474 3609 cendi
502 3538 919 3618 varietatem,
942 3531 1493 3622 (interdumenim
1523 3533 1722 3632 valde·
1746 3531 2041 3646 copiosus
2072 3531 2208 3617 est,

2003 3654 2212 3705 mter-
