2593 4366
895 106 959 181 L
1005 130 1039 183 1
1085 131 1214 185 nn
1256 127 1309 186 ιι
1398 104 1654 183 v111.
2056 107 2205 202 639

227 207 482 314 gestiat
506 204 825 282 discordia
842 225 1094 292 tamen,
1113 235 1242 310 qua
1263 226 1472 308 prope
1497 207 1578 280 ad
1598 203 1908 280 ultimum
1922 203 2204 281 dimica-

235 312 445 385 tionis
469 332 740 381 ventum
759 308 878 388 est,
906 308 1217 381 nobilius.
1269 308 1380 380 Ab
1414 310 1630 380 altero
1665 305 2022 380 consulein
2057 314 2201 383 Ve-

231 410 424 486 ssinis
453 408 798 506 multiplex
823 407 1071 480 bellum
1097 462 1117 492 ,
1154 431 1277 480 nec
1294 402 1560 506 usquam
1579 407 1765 480 vario
1798 428 2043 479 eventu
2071 433 2197 508 ge-

229 509 412 583 stum
437 505 556 580 est.
577 533 728 579 nam
751 517 819 584 δι
837 506 1231 606 pervastavit
1253 531 1447 605 agros
1467 550 1489 586 ‚
1510 516 1574 582 δι
1596 506 1979 605 populando
1995 528 2197 606 atque

229 607 497 681 urendo
517 610 692 679 ῐεᾶει
712 605 1026 688 hostium,
1046 603 1336 705 sataque,
1356 606 1423 675 in
1446 608 1652 678 aciem
1687 606 1937 679 invitos
1971 628 2198 679 extra-

230 711 331 783 xit
348 735 366 778 ε
392 715 457 779 &
480 707 571 777 ita
591 706 817 804 praelio
835 731 969 778 uno
989 707 1222 780 accidit
1239 702 1669 780 Vestinorum
1686 730 1813 788 rea,
1831 703 2204 805 (haudquaff

228 831 440 906 quam
459 826 683 878 tamen
713 806 1063 878 incruento
1085 805 1295 877 milite
1312 799 1466 899 suo)
1489 825 1559 875 ut
1577 829 1712 875 non
1747 806 1814 875 in
1851 805 2056 878 castra
2084 801 2200 877 so-

236 901 771 1005 lumrefugerent
790 901 1151 984 hostes‚sed
1168 905 1303 998 jam
1324 927 1407 974 ne
1430 904 1610 978 vallo
1630 901 1895 1002 quidem
1916 930 1989 976 ac
2006 900 2196 993 foffis

245 998 896 1084 fremdilaberentur
919 1005 987 1075 in
1004 1003 1250 1102 oppida
1264 1058 1284 1087 ,
1307 1001 1427 1074 fitu
1449 1002 1707 1074 urbium
1733 1000 2197 1103 moenibusque

236 1097 308 1182 se
322 1098 669 1177 defensuri.
714 1103 1107 1187 Postremo,
1144 1102 1391 1202 oppida
1413 1126 1684 1202 quoque
1717 1101 1779 1174 vi
1814 1126 2197 1201 expugnare.

241 1201 552 1285 tdortusn
596 1205 812 1301 primo
854 1203 1164 1274 Cutinam
1197 1205 1453 1302 ingenti
1487 1205 1726 1276 ardore
1760 1193 2201 1275 militum⁰aut

240 1303 593 1375 vulnerum
611 1304 730 1384 ira,
748 1302 931 1403 quod
950 1299 1120 1375 haud
1148 1298 1286 1374 fere
1306 1299 1647 1416 quisquam
1681 1300 1942 1402 integer
1965 1303 2201 1399 praelio

236 1398 643 1483 excesserat,
677 1399 858 1474 scalis
893 1401 1105 1499 cepitz
1143 1400 1383 1474 deinde
1418 1402 1806 1501 Cingiliam.
1860 1396 2199 1501 utriusque

240 1501 425 1575 urbis
449 1500 732 1598 praedam
753 1500 1068 1575 militibus
1087 1545 1109 1585 ‚
1129 1502 1314 1599 quod
1328 1525 1448 1572 eos
1466 1526 1682 1600 neque
1698 1521 1909 1600 porta:
1927 1545 1950 1584 ,
1975 1525 2196 1601 neque

239 1600 422 1674 muri
437 1597 722 1673 hostium
743 1622 1096 1683 arcuerant,
1118 1592 1456 1673 conceffit.
1508 1605 1586 1673 In
1601 1601 1960 1681 samnium,
1976 1601 2185 1673 incer·
2201 1617 2234 1692 3
2248 1613 2303 1673 θ’

211 1703 216 1708 ’
239 1698 332 1770 tis
350 1699 516 1771 itum
535 1695 830 1799 auspiciis
849 1700 943 1776 est
966 1728 985 1773 ε
1008 1702 1189 1795 cujus
1216 1698 1310 1772 rei
1332 1700 1559 1770 vitium
1574 1703 1786 1786 nonin
1814 1699 2196 1774 bellieven-

235 1796 601 1898 tum,quod
623 1796 930 1900 prospere
941 1800 1199 1901 gestum
1217 1796 1337 1882 est,
1359 1795 1555 1872 sedin
1574 1800 1822 1874 rabiem
1844 1822 2043 1901 atque
2057 1799 2188 1873 iras

230 1897 711 1995 imperatorum
730 1900 951 1974 vertit.
984 1925 1268 2000 namque
1287 1900 1582 1997 Papirius
1603 1899 1891 1973 diRator
1910 1899 1948 1972 ὲ
1972 1901 2189 1999 pulla·-

227 1997 338 2070 rio
374 1999 692 2078 monitus,
727 2026 930 2102 quum
968 2012 988 2045 ²
1025 2001 1106 2074 ad
1139 1998 1490 2098 auspicium
1520 2001 1952 2098 repetendum
1984 2002 2179 2087 &Ro-

227 2109 407 2170 mam
427 2095 972 2197 proficisceretur,
988 2098 1305 2203 magistro
1323 2101 1619 2201 equitum
1640 2098 2086 2191 denunciavit,
2107 2121 2185 2172 ut

225 2190 367 2269 sese
403 2200 560 2271 loco
596 2221 854 2274 teneret
875 2246 896 2282 ‚
936 2227 1063 2275 neu
1095 2197 1364 2273 absente
1400 2198 1466 2272 se
1499 2226 1652 2275 cum
1688 2198 1883 2272 hoste
1914 2224 2180 2285 manum

227 2292 633 2373 consereret.
653 2362 658 2369 .
676 2299 909 2373 Fabius
932 2327 1134 2398 quum
1156 2298 1304 2397 post
1327 2296 1812 2397 profefflonem
1834 2297 2178 2371 di&atoris

226 2418 349 2493 per
386 2398 843 2492 exploratores
880 2394 1298 2494 comperiffet
1315 2451 1336 2481 ,
1384 2398 1653 2493 perinde
1698 2396 1927 2468 ‘omnia
1967 2392 2184 2469 soluta

231 2494 406 2590 apud
426 2492 672 2575 hostes,
690 2519 764 2566 ac
785 2496 828 2566 fi
850 2521 1050 2568 nemo
1071 2499 1414 2568 Romanus
1438 2495 1508 2565 in
1546 2496 1814 2568 Samnio
1846 2484 2037 2583 effet3
2072 2490 2184 2568 seu

231 2589 426 2665 ferox
448 2589 823 2665 adolescens
852 2594 1243 2695 indignitate
1275 2589 1580 2665 accensus
1601 2643 1622 2679 ,
1650 2593 1833 2692 quod
1860 2595 2085 2665 omnia
2114 2596 2184 2668 in

229 2690 559 2764 dictatore
579 2692 955 2766 viderentur
974 2690 1256 2791 reposita
1286 2688 1457 2781 effe3
1494 2688 1601 2763 seu
1626 2691 1974 2767 occasione
2013 2693 2187 2768 bene

226 2790 538 2890 gerendae
578 2793 669 2865 rei
726 2793 1026 2867 indufius
1059 2823 1082 2882 3
1121 2793 1417 2866 exercitu
1463 2789 1784 2865 instruRo
1820 2814 2184 2894 paratoque

221 2886 561 2987 profestus
598 2892 679 2965 ad
723 2893 1111 2966 Imbrinium
1148 2894 1276 2981 (ita
1306 2893 1833 2975 vocantlocum)
1865 2893 2004 2964 acie
2025 2919 2180 2969 curn

213 2992 614 3067 Samnitibus
646 2992 973 3066 conflixit.
992 3019 1070 3065 ea
1089 2990 1354 3066 fortuna
1372 3018 1604 3093 pugnae
1622 2989 1770 3072 fuit,
1798 3015 1872 3064 ut
1890 2990 2052 3065 nihil
2073 3018 2184 3064 re-

215 3089 448 3162 lictum
470 3090 546 3164 fit
572 3144 595 3179 ,
630 3120 766 3193 quo
781 3086 827 3166 si
844 3090 1114 3167 affuisset
1133 3094 1421 3166 difiator
1443 3143 1466 3178 ,
1506 3117 1607 3163 res
1639 3092 1872 3165 melius
1890 3093 2031 3192 geri
2053 3117 2183 3190 po-

1948 3214 2176 3263 tuerit:

1236 3327 1382 3380 ‘restit
1392 3327 1556 3376 Cicero
1568 3321 1626 3377 de
1639 3318 1943 3381 divinatione.
1959 3310 2186 3379 Alexand·

1237 3398 1317 3447 lib·
1334 3412 1374 3444 a.
1387 3411 1478 3459 cap.
1496 3403 1567 3443 ιε.
1579 3402 1624 3445 ὅ(
1643 3393 1719 3443 lib.
1731 3407 1767 3453 ς.
1782 3406 1906 3456 etp-5
1917 3404 1956 3451 3.
1974 3389 2187 3439 Godelev.

230 3502 238 3507 .
294 3478 316 3511 ι
353 3464 424 3513 Ad
431 3468 665 3529 auspicium
676 3469 987 3533 repetendam]
1017 3472 1164 3516 Tanta
1310 3480 1336 3512 ι
1370 3458 1918 3530 Rompnficifieman]
1944 3455 2065 3520 sape*
2077 3455 2192 3519 legi·

216 3533 347 3580 enim
358 3528 475 3596 apud
489 3537 728 3582 Romanos
749 3535 931 3596 auguria
953 3538 1003 3584 at
1018 3534 1164 3597 auspi·
1242 3546 1363 3587 mus.
1374 3526 1509 3581 duca
1532 3531 1558 3580 ὲ
1572 3529 1805 3595 ptovincia
1830 3531 1881 3579 δι
1893 3524 2094 3575 exercitu
2105 3538 2190 3571 au·

219 3601 356 3648 elain
367 3601 632 3649 austeritate
653 3600 851 3655 metunt,
872 3614 922 3648 ut
946 3601 1061 3650 nihil
1086 3617 1164 3650 eo·
1241 3602 1488 3665 spiciorum
1526 3592 1873 3662 repetendorum
1921 3593 2050 3642 causa
2089 3594 2193 3640 Ro·

215 3681 322 3717 tum
335 3702 352 3724 .
367 3682 467 3733 quoe
477 3664 536 3716 ad
547 3668 725 3733 publica
739 3673 790 3720 ὃ(
803 3670 976 3733 privata
989 3672 1171 3732 negotia
1247 3683 1373 3717 mam
1386 3660 1628 3718 advolass‘e.
1646 3665 1825 3719 Turub-
1849 3662 1929 3717 lib.
1944 3669 1992 3712 6.
2004 3675 2101 3727 cop·
2116 3670 2196 3715 ²¹.

198 3736 485 3806 pertinerent
515 3770 530 3792 .
571 3736 850 3801 inauspicato
884 3735 1167 3804 perfecerint.
1248 3731 1443 3799 Adrctsq

437 3358 941 3407 vationum.

2042 3801 2197 3863 0⁸⁰3
