2593 4366
901 151 996 220 ·L-
1029 173 1059 221 1
1109 174 1148 221 Β
1194 171 1234 223 ε
1273 171 1329 228 ιι
1419 149 1512 222 X.
2049 168 2180 239 771

227 252 516 327 ductum
540 247 693 323 inde
710 248 1234 324 Volumnianum
1248 253 1610 323 exercitum
1630 293 1648 330 ,
1666 244 1994 322 Etruriam
2011 239 2180 320 con*-

242 349 446 424 citam
466 351 535 421 in
559 375 736 421 arma
754 393 777 431 ,
819 346 927 422 s&
949 347 1247 419 Gellium
1272 350 1626 447 Egnatium
1649 346 2034 424 Samnitium
2054 348 2175 426 duff-

238 477 414 532 cem,
435 461 499 525 &
524 448 825 524 Vmbros
849 447 928 518 ad
949 443 1393 518 defestionem
1408 447 1627 522 vocari
1641 494 1663 528 ‚
1684 458 1747 525 &
1763 447 2002 527 Gallos
2023 471 2176 544 pre-.-

238 553 340 622 tio
365 551 617 649 ingenti
642 545 971 620 solicitari.
1029 547 1151 616 His
1176 546 1425 618 nunciis
1457 547 1710 619 senatus
1745 550 2184 638 conterritus..

231 649 552 745 justitium
567 647 766 720 indici
785 693 807 727 ‚
827 645 1157 717 dele&um
1175 646 1392 716 omnis
1411 648 1666 744 generis
1692 644 2035 716 hominum
2059 643 2178 715 ha-

235 749 380 822 beri
416 745 613 841 juffit.
639 772 760 818 nec
795 744 1063 843 ingenui
1098 744 1305 814 modo
1327 747 1739 837 autjuniores
1767 742 2173 817 sacramento

235 850 452 920 adaffl
470 845 634 925 sunt.
653 842 761 917 sed
784 842 1111 916 seniorum
1131 845 1330 914 etiam
1354 844 1667 915 cohortes
1690 839 2175 925 faetae‚1iberti-

238 949 443 1046 nique
487 944 852 1017 centuriati.
893 951 958 1015 &
998 939 1428 1015 defendendae
1465 941 1642 1013 urbis
1676 943 1940 1013 consilia
1962 943 2171 1045 agita-

239 1045 480 1116 bantur
499 1074 520 1130 ς
553 1042 948 1141 summaeque
968 1067 1180 1113 rerum
1204 1064 1450 1139 praetor
1470 1050 1542 1115 P.
1564 1043 1984 1138 Sempronius
2003 1038 2172 1137 praef

235 1161 402 1217 erat.
458 1150 791 1228 Caeterum
817 1163 999 1236 parte
1016 1168 1185 1214 curae
1206 1162 1647 1213 exonerarunt
1670 1139 1959 1220 senatum
1978 1138 2170 1212 Lucii

231 1243 586 1338 Volumnii
602 1238 878 1313 consulis
898 1242 1125 1323 literae,
1147 1241 1384 1341 quibus
1409 1239 1608 1313 caesos
1633 1235 1935 1337 fusosque
1956 1231 2175 1337 popu-

227 1342 478 1415 latores
516 1340 897 1435 Campaniae
935 1342 1277 1438 cognitum
1315 1339 1437 1413 est.
1482 1348 1713 1440 Itaque
1745 1349 1808 1413 &
1844 1335 2171 1436 supplicae

224 1443 445 1513 tiones
467 1439 562 1509 ob
581 1463 717 1509 rem
742 1437 908 1509 bene
924 1443 1173 1537 gestam
1191 1435 1476 1534 consulis
1497 1440 1767 1510 nomine
1783 1438 2170 1514 decernunt·

226 1539 543 1632 justitium
570 1539 923 1609 remittitur
941 1582 961 1616 ‚
1000 1549 1020 1586 t
1042 1539 1225 1636 quod
1248 1533 1613 1629 fueratpdies
1635 1538 1867 1610 decem
1890 1547 1957 1611 δι
1978 1537 2171 1617 odic,

227 1633 751 1737 supplicatioque
789 1638 1055 1733 perlaeta
1091 1633 1235 1707 fuit.
1280 1641 1465 1723 Tum
1497 1636 1578 1708 de
1608 1635 1921 1734 praesidio
1944 1629 2199 1735 regio?

227 1736 329 1808 nis
347 1789 370 1821 ,
400 1737 813 1833 depopulatae
835 1734 917 1806 ab
937 1734 1333 1807 Samnitibus
1357 1781 1378 1816 ‚
1408 1736 1634 1835 agitari
1654 1757 1985 1833 coeptum.‚
2010 1742 2168 1828 lta,-

227 1860 357 1933 que
391 1837 629 1931 placuit
656 1882 677 1915 ‚
718 1836 942 1906 utduae
961 1836 1241 1906 coloniae
1280 1831 1455 1907 circa
1479 1833 1829 1907 Vescinum
1853 1844 1914 1909 δι
1939 1831 2166 1910 Fater-J

154 2023 160 2028 ᾖ
225 1959 381 2005 num
397 1960 623 2034 agrum
644 1936 1123 2006 deducerentur
1143 1963 1160 2004 ε
1184 1960 1310 2005 una
1325 1934 1565 2007 ostium
1585 1935 1755 2006 Liris
1775 1932 1994 2012 fluvii,
2011 1957 2165 2031 qua:

224 2037 579 2108 Minturnae
601 2035 948 2130 appellata3
970 2037 1172 2106 altera
1193 2034 1261 2105 in
1283 2031 1445 2106 saltu
1460 2031 1749 2106 Vescino
1768 2078 1788 2112 ,
1812 2033 2159 2106 Falernum

224 2135 659 2233 contingente
696 2158 922 2233 agrum
961 2160 980 2203 ε
1038 2134 1148 2206 ubi
1185 2141 1429 2233 Sinope
1464 2134 1703 2206 dicitur
1734 2135 1970 2205 Graeca
2000 2131 2159 2204 urbs

220 2228 441 2319 fuiss‘e3
473 2233 753 2306 Sinuessa
788 2233 1025 2305 dein'de
1061 2236 1146 2303 ab
1166 2235 1426 2303 colonis
1456 2234 1777 2305 Romanis
1811 2256 1889 2325 ap
1937 2231 2166 2302 ellata.

218 2334 538 2405 Tribunis
560 2333 771 2428 plebis
793 2334 1138 2428 negotium
1163 2332 1390 2401 datum
1410 2331 1502 2401 est
1522 2374 1544 2408 ‚
1561 2353 1630 2399 ut
1657 2330 1874 2427 plebei
1908 2328 2044 2398 cito
2063 2329 2166 2420 ju-

223 2429 489 2503 beretur
509 2440 583 2503 P.
599 2432 1021 2523 Sempronius
1047 2450 1287 2524 praetor
1309 2427 1685 2499 triumviros
1701 2428 1770 2497 in
1784 2451 1861 2496 ea
1880 2427 2028 2496 loca
2046 2451 2171 2515 (οφ

220 2530 400 2600 lonis
412 2527 810 2599 deducendis
836 2550 1075 2596 creare.
1118 2551 1239 2597 nec
1259 2527 1374 2624 qui
1395 2527 1662 2595 nomina
1681 2525 1913 2597 darent
1928 2577 1946 2606 ,
1970 2519 2164 2598 facile

220 2626 759 2707 inveniebantur,
798 2624 950 2722 quia
984 2625 1051 2695 in
1076 2622 1423 2696 stationem
1460 2621 1747 2721 seprope
1770 2643 2158 2721 perpetuam

219 2716 786 2826 infestat-regionis
810 2769 831 2805 ‚
852 2749 987 2794 non
1010 2727 1074 2795 in
1096 2750 1290 2825 agros
1311 2724 1486 2796 mitti
1506 2721 1835 2794 rebantur.
1887 2726 2163 2794 Avertit

218 2825 301 2897 ab
322 2826 416 2898 eis
435 2827 605 2898 curis
645 2821 1242 2897 se‘natum‘Ett-uriae
1285 2818 1739 2923 ingravescens
1762 2820 2051 2908 bellum3
2086 2832 2157 2898 &

214 2925 461 3000 crebrae
479 2926 683 2999 litera:
711 2922 938 3023 Appii,
963 2924 1324 3006 monentis,
1339 2922 1724 3021 neregionis
1744 2923 1882 3016 ejus
1897 2944 2157 2993 motum

1946 3022 2166 3120 negli-

216 3221 434 3269 mnitium
472 3216 586 3269 duce
619 3220 731 3270 alter
758 3222 1032 3269 Samnitium
1055 3214 1150 3267 dux
1215 3228 1350 3268 cerat.
1379 3216 1528 3268 Scribe
1541 3237 1563 3266 =¹
1577 3217 2014 3269 servarisne-ndum
2024 3218 2071 3265 s'n
2084 3231 2164 3265 ar·

216 3287 384 3338 Gellius
397 3291 605 3350 Egnatius
617 3321 633 3346 ,
645 3286 701 3336 de
714 3303 808 3354 quo
819 3294 871 3341 &
884 3303 991 3338 ante
1002 3288 1154 3337 Livius
1218 3305 1292 3336 ma
1309 3323 1323 3343 ,
1343 3291 1396 3338 θ
1414 3291 1605 3336 Gellium
1626 3291 1858 3354 Egnatium
1876 3288 2154 3336 Samnitium

223 3360 276 3408 δε
290 3352 475 3403 deinde.
1218 3360 1367 3403 ducem
1395 3358 1452 3407 ό·
1484 3357 1656 3404 Vmbros
1668 3359 1726 3404 ad
1735 3357 2015 3419 Λεβαίην»
2033 3370 2158 3419 mp-

282 3425 310 3473 s
336 3423 610 3491 Equllae’um
631 3425 857 3490 Egnatium
873 3425 1147 3475 Samnitium
1219 3436 1264 3470 re
1283 3460 1294 3477 .
1328 3427 1383 3474 Φ
1400 3426 1546 3473 Gallos
1564 3426 1699 3488 pretio
1723 3425 1890 3491 ingenti
1903 3420 2156 3480 sollicitare.

215 3494 381 3540 dacem
401 3498 421 3552 ]
440 3494 547 3536 Haec
564 3491 697 3537 verba
712 3505 791 3538 nec
801 3490 1151 3554 pra-cedentibus
1219 3505 1316 3539 non
1331 3494 1473 3540 vocari
1486 3492 1787 3552 ὃεβᾱὶεἰεανὶ.

214 3573 298 3606 nec
319 3558 695 3618 consequentibus
732 3562 1027 3607 conveniunt.
1069 3573 1152 3607 nec
1290 3574 1309 3606 t
1323 3560 1611 3628 ,Qudfueue
1622 3561 1797 3622 per-dies
1808 3560 1951 3606 decem
1967 3555 2155 3616 ὀπὴ]

211 3627 338 3676 enim
352 3640 447 3673 tum
462 3620 651 3673 demum
665 3625 863 3674 sumebat
877 3642 1001 3675 anna
1024 3661 1037 3683 ‚
1053 3641 1153 3690 quae
1221 3630 1286 3674 Ex
1304 3623 1805 3689 Sigonianoimmiss'um
1829 3640 1902 3689 per
1928 3623 2029 3671 libri
2057 3638 2155 3672 me·

207 3690 384 3741 dudum
394 3708 600 3756 expertus
614 3707 726 3749 erat,
741 3707 822 3741 nec
837 3694 1082 3743 vocabatur
1091 3692 1152 3742 ad
1219 3694 1357 3742 liores
1369 3707 1474 3740 cum
1497 3695 1745 3754 antiquitus
1772 3690 1905 3740 editis
1931 3693 2157 3753 ignorant.

205 3758 510 3811 defeffionem
527 3795 541 3820 ,
569 3762 730 3837 quippe
747 3757 1009 3825 quidudum
1021 3759 1148 3811 dese·
1221 3760 1402 3812 Plautus
1430 3757 1549 3807 Asin.
1584 3762 1916 3831 Qiaetriduum
1939 3763 2014 3807 hoc
2025 3774 2167 3871 aasz

1432 3834 1470 3876 C
1485 3844 1509 3876 c
1523 3842 1546 3877 c
1580 3844 1604 3876 ι
2044 3844 2111 3875 om
