2593 4366
906 152 988 221 ·L
1035 174 1064 222 1
1114 175 1154 223 n
1198 173 1239 224 n
1277 172 1335 229 lt
1424 150 1518 224 X.
2054 169 2185 242 771

235 254 522 328 ductum
547 248 700 324 inde
716 249 1238 326 Volumnianum
1254 255 1616 324 exercitum
1635 295 1654 332 ‚
1672 246 1999 323 Etruriam
2016 240 2184 322 con'-

249 352 452 426 citam
474 353 542 422 in
565 376 742 422 arma
761 395 783 433 ,
826 347 933 423 s&
956 348 1254 420 Gellium
1277 352 1631 449 Egnatium
1655 348 2039 426 Samnitium
2060 349 2181 428 du:-

246 479 420 532 cem‚
440 461 505 526 δι
530 449 831 525 Vmbros
855 448 934 520 ad
956 445 1399 520 defeffionem
1414 448 1632 523 vocari
1648 496 1670 530 ,
1689 460 1753 527 δι
1768 450 2008 521 Gallos
2028 473 2181 546 prea-

245 554 346 624 tio
370 552 625 650 ingenti
650 547 977 621 soli'citari.
1035 549 1157 618 His
1182 548 1432 618 nunciis
1464 549 1716 621 senatus
1751 552 2191 640 conterritus..

239 649 771 745 justitiumindici
791 693 813 730 ‚
833 647 1163 719 delectum
1181 648 1398 743 omnis
1417 649 1672 745 generis
1698 646 2041 718 hominum
2066 645 2183 717 ha·-

242 750 388 823 beri
421 747 619 843 juffit.
645 773 765 819 nec
802 746 1068 845 ingenui
1104 745 1311 816 modo
1333 768 1442 816 aut
1459 748 1745 838 juniores
1773 744 2179 818 sacramento

242 852 459 922 adacti
477 847 640 926 sunt.
658 844 768 919 sed
791 845 1117 917 seniorum
1137 847 1338 917 etiam
1361 846 1673 916 cohortes
1696 841 1901 926 factat,
1921 843 2180 916 liberti-

245 951 450 1048 nique
494 947 858 1019 centuriati.
899 953 964 1018 &
1004 941 1434 1016 defendendae
1472 942 1648 1015 urbis
1683 945 1947 1015 consilia
1967 945 2177 1047 agita-

246 1047 486 1119 bantur
505 1075 526 1133 3
559 1044 955 1143 summaeque
974 1069 1187 1115 rerum
1210 1066 1455 1141 praetor
1476 1052 1548 1117 P.
1570 1044 1991 1139 Sempronius
2009 1039 2178 1139 prae-2

243 1163 408 1219 erat.
463 1152 798 1231 Caeterum
823 1165 1005 1237 parte
1025 1169 1190 1215 curae
1212 1164 1652 1215 exonerarunt
1676 1140 1965 1223 senatum
1985 1137 2176 1213 Lucii
2246 1233 2251 1236 v
2354 1201 2359 1206 ,
2411 1197 2418 1202 .

238 1245 593 1340 Volumnii
608 1240 884 1315 consulis
905 1243 1132 1324 literae,
1153 1242 1390 1341 quibus
1415 1240 1614 1315 caesos
1638 1236 1941 1338 fuso-sque
1964 1233 2203 1338 'popu-⁴

233 1345 484 1416 latores
521 1342 902 1438 Campaniae
941 1344 1282 1440 cognitum
1322 1341 1443 1415 est.
1489 1350 1720 1440 Itaque
1750 1350 1814 1414 δι
1851 1335 2177 1437 supplicae

230 1445 451 1515 tiones
473 1441 567 1511 ob
586 1465 724 1511 rem
749 1438 915 1511 bene
930 1445 1180 1539 gestam
1198 1438 1482 1536 consulis
1503 1441 1773 1512 nomine
1790 1439 2176 1511 decernunt.

230 1541 551 1634 justitium
576 1541 930 1610 remittitur
948 1584 967 1618 ‚
1006 1551 1026 1587 ²
1049 1541 1230 1638 quod
1255 1536 1462 1611 fuerat
1479 1539 1620 1628 dies
1641 1540 1873 1611 decem
1895 1548 1962 1613 δι
1984 1538 2177 1627 offo,

232 1636 757 1738 supplicatioque
797 1640 1061 1735 perlaeta
1098 1635 1242 1709 fuit.
1287 1643 1473 1727 Tum
1505 1638 1585 1710 de
1615 1637 1910 1735 praesidio
1950 1637 2174 1736 regio·
2200 1631 2205 1636 ’

232 1738 334 1810 nis
354 1791 377 1823 ,
407 1739 820 1835 depopulata:
842 1737 924 1808 ab
944 1736 1340 1809 Samnitibus
1362 1782 1385 1817 ‚
1413 1737 1641 1836 agitari
1660 1757 1991 1833 coeptum.,
2017 1743 2175 1829 'lta‘-

232 1862 365 1935 que
399 1840 637 1934 placuit
663 1883 684 1917 ,
725 1858 793 1907 ut
809 1838 948 1908 duae
968 1839 1247 1908 coloniae
1287 1837 1461 1909 circa
1485 1833 1834 1908 Vescinum
1859 1845 1921 1910 δι
1946 1833 2172 1911 Ραῐειέὲ

147 2025 154 2031 .
229 1962 389 2007 num
404 1962 629 2037 agrum
651 1937 1166 2008 deducerentur:
1191 1931 1317 2007 una
1331 1934 1570 2008 ostium
1591 1936 1760 2007 Liris
1780 1933 2000 2014 fluvii,
2018 1958 2172 2033 quaa

227 2039 586 2110 Minturnae
608 2036 954 2132 appellata;
975 2039 1177 2108 altera
1199 2036 1266 2106 in
1288 2032 1450 2106 saltu
1469 2033 1755 2107 Vescino
1773 2079 1792 2113 ‚
1817 2035 2165 2108 Falernum

229 2137 664 2235 contingente
702 2141 928 2234 agrum
968 2162 985 2205 :
1044 2136 1155 2208 ubi
1191 2143 1435 2233 Sinope
1470 2135 1707 2207 dicitur
1738 2136 1976 2206 Graeca
2006 2132 2165 2204 urbs

223 2230 446 2322 fuisse3
479 2235 760 2309 Sinueffa
794 2235 1032 2306 deinde
1067 2238 1152 2305 ab
1172 2237 1431 2306 colonis
1461 2235 1783 2306 Romanis
1816 2233 2172 2326 appellata.

221 2336 544 2406 Tribunis
566 2335 777 2431 plebis
799 2336 1144 2429 negotium
1169 2334 1396 2403 datum
1416 2333 1508 2402 est
1528 2376 1548 2407 ‚
1566 2354 1634 2401 ut
1663 2327 2050 2427 plebeiscito
2069 2330 2172 2421 ju-

226 2431 497 2505 beretur
515 2442 589 2505 P.
605 2433 1028 2526 Sempronius
1054 2450 1293 2526 praetor
1315 2429 1691 2500 triumviros
1707 2429 1776 2498 in
1790 2452 1868 2498 ea
1884 2427 2034 2497 loca
2052 2452 2177 2515 co-2

224 2532 408 2602 lonis
419 2530 816 2602 deducendis
842 2552 1083 2599 creare.
1125 2553 1246 2598 nec
1265 2529 1380 2625 qui
1401 2528 1669 2596 nomina
1687 2526 1918 2596 darent
1935 2574 1952 2607 ,
1977 2520 2220 2598 facile«.

223 2627 730 2700 inveniebantur
750 2684 767 2708 ,
804 2626 956 2724 quia
990 2627 1058 2697 in
1083 2623 1429 2698 stationem
1464 2622 1527 2696 se
1547 2650 1752 2722 prope
1776 2644 2164 2723 perpetuam

223 2718 794 2828 infestaereg'ionis
816 2771 837 2805 ‚
858 2751 994 2795 non
1017 2729 1080 2796 in
1102 2752 1296 2826 agros
1319 2726 1491 2798 mitti
1512 2722 1840 2795 rebantur.
1892 2727 2168 2795 Avertit

223 2828 310 2899 ab
330 2828 423 2900 eis
443 2830 611 2900 euris
651 2823 943 2898 senatum
969 2827 1249 2897 Etruriae
1292 2820 1745 2925 ingravescens
1769 2822 2057 2908 bellum3
2092 2833 2163 2898 &

219 2927 468 3003 crebrae
485 2929 690 3001 litera:
717 2924 943 3025 Appii,
969 2925 1330 3008 monentis,
1345 2923 1730 3022 neregionis
1751 2924 1887 3016 ejus
1903 2945 2164 2993 motum

1951 3023 2172 3120 negli-

221 3222 440 3271 mnltium
478 3219 591 3270 duce
624 3223 737 3272 alter
765 3223 1038 3271 Samnitium
1061 3216 1156 3269 dux
1221 3230 1356 3270 cerat.
1386 3218 1534 3270 Scribe
1547 3238 1571 3267 ε’
1583 3221 1805 3270 Etruriam
1813 3218 2020 3268 concitam
2029 3219 2077 3266 in
2091 3233 2171 3265 ar-

221 3289 391 3339 Gellius
404 3292 610 3352 Egnatius
623 3323 638 3348 ‚
651 3288 708 3338 de
721 3305 814 3355 quo
825 3297 876 3343 δι
889 3306 996 3341 ante
1008 3290 1159 3339 Livius
1224 3308 1299 3337 ma
1316 3324 1330 3345 .
1349 3293 1402 3339 b·
1421 3292 1611 3338 Gellium
1633 3293 1864 3356 Egnatium
1882 3290 2167 3337 Samnitium

229 3361 282 3410 δι
297 3354 482 3404 deinde.
1224 3362 1373 3405 ducem
1401 3359 1459 3408 ῤ’
1491 3358 1662 3406 Vmbros
1675 3359 1731 3405 ad
1742 3358 2021 3420 defeeiionem
2039 3372 2163 3421 νοερ-

288 3427 316 3474 s
344 3425 617 3493 EgGaeIlt'um
636 3426 863 3492 Egnaeu'm
880 3428 1152 3476 Samnitium
1225 3438 1270 3472 re
1289 3462 1301 3479 .
1334 3429 1389 3476 ά·
1406 3428 1552 3474 Gallos
1570 3427 1706 3489 pretio
1729 3426 1895 3492 ingemi
1908 3421 2161 3481 filliciure.

219 3496 388 3543 ducena
408 3500 427 3553 ]
447 3496 553 3538 Haec
570 3494 704 3539 verba
719 3507 797 3539 nec
808 3492 1157 3556 ptaecedentibus
1226 3507 1322 3540 non
1338 3496 1478 3542 vocari
1492 3499 1541 3542 5(
1548 3494 1794 3553 finitimi.
2167 3491 2171 3496 ’

219 3575 305 3608 nec
326 3560 702 3619 consequentibus
738 3564 1034 3610 conveniunt.
1075 3575 1158 3609 nec
1296 3576 1315 3609 t
1329 3563 1617 3630 ‘Qudfnenr
1628 3575 1704 3624 per
1712 3562 1804 3608 dies
1815 3561 1957 3607 decem
1972 3556 2160 3616 ὀπὴ]

216 3630 344 3677 enim
358 3643 454 3675 tum
469 3623 657 3674 demum
672 3627 871 3677 sumebat
884 3644 1008 3677 arma
1030 3663 1044 3684 ,
1060 3643 1159 3692 quae
1228 3632 1293 3676 Ex
1310 3625 1811 3691 Sigonianoimmiss'um
1835 3642 1908 3690 per
1933 3624 2034 3671 libri
2062 3639 2160 3672 me·

212 3692 391 3744 dudum
401 3710 607 3758 expertus
621 3709 733 3753 erat,
749 3708 830 3742 nec
844 3697 1089 3745 vocabatur
1098 3693 1158 3744 ad
1224 3695 1362 3743 liores
1375 3708 1480 3743 cum
1504 3696 1752 3755 antiquitus
1778 3691 1911 3742 editis
1936 3695 2162 3754 ignorant.

210 3760 517 3815 defectionem
534 3797 548 3822 ‚
576 3765 737 3829 quippe
754 3759 1016 3827 quidudum
1028 3761 1155 3813 dese·
1227 3763 1409 3814 Plautus
1436 3759 1556 3808 Afin.
1590 3764 1717 3833 Qiae
1730 3766 1922 3813 triduum
1944 3764 2019 3808 hoc
2030 3775 2168 3808 unum

1438 3835 1476 3877 C
1491 3845 1515 3877 c
1529 3844 1552 3877 c
1586 3846 1610 3877 a
2049 3828 2173 3877 mode
