2593 4366
393 144 562 233 406
1108 134 1197 202 T.
1291 131 1351 198 L
1404 151 1429 198 1
1478 153 1518 200 v
1569 153 1596 199 1
1650 153 1680 201 1

397 241 498 303 tas'
534 237 830 307 mittunt.
869 252 976 302 aut
1014 230 1186 298 enim
1223 224 1512 324 passuros
1554 229 1829 299 inultam
1873 251 2017 298 eam
2054 226 2354 322 injuriam

395 337 779 411 Romanos,
799 358 878 402 ne
901 352 1082 397 novo
1102 326 1285 396 bello
1313 323 1375 397 se
1391 350 1782 400 onerarent:
1827 351 1933 398 aut
1951 326 2223 425 exiguo,
2245 355 2364 400 eo-

399 459 532 529 que
553 458 775 529 parum
798 427 1015 498 valido
1037 428 1358 507 exercitu,
1379 423 1852 523 persecuturos.
1901 429 2226 499 Romanis
2263 429 2365 500 in·

399 531 682 629 dignitas
722 530 932 620 major
975 553 1174 630 quam
1216 553 1369 596 cura
1419 527 1868 622 populationis
1915 527 2365 625 Tarquinien-

399 629 558 700 sium
581 625 723 696 fuit.
778 650 864 697 eo
898 651 1019 697 nec
1044 652 1288 724 magno
1322 645 1559 694 conatu
1600 623 1927 721 suscepta,
1976 652 2094 698 nec
2127 627 2368 720 inlon-

399 751 557 822 gum
580 726 776 794 dilata
797 751 896 794 res
914 726 1028 797 est.
1086 732 1164 794 A.
1188 720 1556 795 Postumius
1574 770 1593 802 ,
1619 733 1683 796 δι
1709 727 1789 792 L.
1809 726 2014 818 Julius
2037 751 2172 796 non
2196 725 2369 818 justo

395 826 656 898 delectu
698 827 729 915 (
747 824 992 895 etenim
1011 823 1092 892 ab
1114 821 1392 892 tribunis
1412 820 1619 918 plebis
1652 821 2214 919 impediebantur)
2257 823 2366 898 sed

401 948 614 1020 prope
655 923 1220 1001 voluntariorum,
1261 944 1430 1018 quos
1470 919 1880 990 adhortando
1905 921 2367 1007 incitaverant,

401 1026 634 1093 εοαᾶει
671 1048 861 1094 manu
897 1046 1011 1116 per
1048 1047 1271 1122 agrum
1302 1022 1634 1090 Caeretem
1662 1017 1954 1116 obliquis
1989 1024 2365 1094 tramitibus

399 1123 672 1223 egmffi,
711 1122 1056 1191 redeuntes
1098 1125 1133 1188 a
1168 1117 1706 1215 populationibus
1742 1115 2103 1218 gravesque
2145 1124 2368 1214 praeda.

400 1215 910 1316 Tarquinienses
955 1214 1355 1316 oppreffere.
1409 1220 1657 1288 multos
1711 1216 2024 1287 mortales
2078 1217 2369 1293 obtrun-

403 1341 573 1395 cant,
594 1343 828 1389 omnes
849 1339 1092 1389 exuunt
1109 1318 1597 1416 impedimentis
1619 1346 1637 1388 t
1666 1325 1731 1391 δε
1755 1317 2035 1413 receptis
2057 1342 2367 1413 agrorum

397 1417 655 1488 suorum
674 1413 922 1513 spoliis,
942 1420 1235 1490 Romam
1257 1439 1695 1488 revertuntur.
1743 1417 2025 1488 Biduum
2053 1418 2132 1487 ad
2171 1423 2369 1489 reco-

395 1511 806 1617 gnoscendas
824 1542 926 1588 res
944 1517 1167 1588 datum
1193 1515 1478 1588 dominis
1504 1543 1521 1586 t
1560 1515 1760 1588 tertio
1780 1516 2117 1616 incognita
2141 1515 2367 1605 (erant

399 1636 612 1685 autem
632 1641 706 1688 ea
726 1619 1034 1715 pleraque
1057 1615 1349 1688 hostium
1366 1610 1682 1714 ipsorum)
1703 1611 1822 1684 sub
1854 1617 2033 1686 hasta
2073 1615 2361 1705 veniere3

400 1714 713 1815 quodque
735 1717 887 1786 inde
909 1716 1242 1787 redactum
1267 1774 1283 1797 .
1308 1716 1623 1787 militibus
1643 1714 1735 1786 est
1751 1713 2049 1785 divisum.
2099 1719 2364 1789 Cae'tera

403 1813 615 1892 bella,
643 1815 1061 1913 maximeque
1102 1816 1389 1897 Veiens,
1433 1815 1667 1885 incerti
1685 1815 1898 1886 exitus
1920 1834 2128 1886 erant.
2178 1819 2366 1908 Jam-

400 1938 530 2010 que
556 1914 867 1997 Romani,
892 1912 1229 2011 desperata
1247 1939 1378 2010 ope
1398 1912 1679 1984 humana
1698 1957 1719 1991 ‚
1751 1909 1882 1980 fata
1920 1922 1982 1988 δι
2005 1917 2193 1983 Deos
2214 1911 2363 2010 spe-

400 2010 691 2091 &abann
711 2038 912 2111 quum
933 2013 1134 2112 legati
1153 2011 1233 2082 ab
1258 2012 1539 2107 Delphis
1564 2033 1882 2082 venerunt
1902 2040 1923 2092 ,-
1944 2009 2183 2082 sortem
2206 2038 2365 2083 ora-

402 2112 532 2180 culi
550 2108 919 2193 afferentes,
936 2133 1409 2213 congruentem
1434 2107 1739 2207 responso
1765 2097 2191 2277 captivzatis.
2248 2124 2361 2180 Ro-

401 2234 586 2294 mane,
609 2233 818 2302 aquam
843 2213 1116 2281 Albanam
1135 2235 1270 2281 cave
1286 2212 1416 2281 latu
1431 2213 1717 2289 contineri,
1738 2231 1878 2279 cave
1900 2211 1959 2276 in
2035 2234 2138 2279 are
2149 2234 2360 2280 mana-

398 2334 463 2378 re
503 2311 986 2406 uofluminefinas.
1013 2312 1258 2406 emiffam
1275 2329 1375 2402 per
1389 2310 1549 2402 ag'ros
1577 2309 1805 2401 rigabis,
1827 2310 2260 2400 dissipatamque
2277 2300 2377 2379 ἠέ
2457 2399 2463 2405 .

400 2412 488 2478 vis
504 2414 816 2502 extingues.
850 2422 995 2478 Tum
1008 2430 1071 2478 tu
1091 2408 1188 2504 iitfi
1234 2433 1265 2477 e
1278 2411 1474 2478 audax
1491 2406 1719 2503 hostium
1734 2413 1911 2476 muris
1929 2431 2172 2498 3mem0r
2187 2433 2367 2502 quam

375 2518 382 2529 '
395 2527 501 2599 per
515 2528 777 2588 turannos
794 2507 990 2604 obfides
1007 2509 1222 2589 ur‘bem,
1247 2533 1325 2577 ex
1342 2533 1413 2578 ea
1427 2510 1530 2579 tibi
1545 2512 1630 2576 his
1649 2554 1669 2587 ,
1703 2531 1817 2601 qua
1855 2530 2001 2576 nunc
2010 2511 2365 2599 panduntur,

388 2603 542 2696 fatis
562 2610 849 2679 vit‘l‘oriam
867 2609 1083 2676 datam.
1137 2609 1286 2677 Bello
1293 2607 1556 2699 perfetio,
1579 2609 1782 2676 donum
1811 2608 2066 2699 amplum
2098 2611 2271 2677 vidior
2287 2608 2366 2689 ad

400 2728 528 2770 mea
547 2708 759 2796 templa
786 2725 1044 2797 portato.-
1062 2708 1343 2799 sacraque
1356 2712 1590 2800 patria,
1630 2729 1865 2797 quorum
1886 2705 2081 2799 'omiffa
2110 2729 2247 2775 cura
2264 2705 2361 2799 est,

299 2800 747 2899 visilianum,
777 2826 844 2874 ut
873 2800 1284 2901 affbletffacito,
1342 2813 1584 2905 Ingens
1614 2807 1763 2875 inde
1800 2804 2026 2875 haberi
2057 2805 2357 2898 captivus

401 2924 580 2970 vates
605 2928 1203 3001 coeptus,eumque
1237 2905 1549 2976 adhibere
1582 2904 1828 2974 tribuni
1863 2903 2141 2972 militum
2168 2905 2354 2973 Cor-

398 3003 606 3070 nelius
634 2999 1006 3073 Postumius
999 3030 1125 3101 que
1146 3005 1221 3074 ad
1246 3005 1531 3103 prodigii
1557 3004 1796 3081 Albani
1819 3000 2354 3098 procurationem

403 3125 475 3169 ac
495 3105 678 3170 Deos
701 3100 821 3170 rite
841 3101 1194 3195 placandos
1215 3129 1508 3199 coepere.
1562 3109 2046 3197 Inventumque
2081 3100 2354 3171 tandem

398 3201 492 3269 est
516 3257 529 3279 ‚
557 3199 666 3269 ubi
706 3203 1041 3298 neglectas
1073 3203 1479 3276 catrimonias
1505 3249 1527 3279 ‚
1561 3195 2071 3273 intermiffumve
2093 3195 2365 3271 solenne

401 3299 522 3369 Dii
545 3323 915 3395 arguerent,
938 3300 1096 3369 nihil
1140 3299 1446 3397 profecto
1466 3302 1635 3372 aliud
1653 3298 2007 3397 efl'e‚quam
2025 3298 2366 3398 magistra-

401 3401 502 3476 t'us
522 3393 735 3469 vitio'c
747 3422 982 3477 reatos,
1004 3400 1031 3442 ⁸
1049 3403 1337 3482 Latinas²
1363 3400 1740 3497 sacrumque
1755 3400 1821 3469 in
1846 3398 2113 3468 Albano
2132 3420 2362 3497 monte

399 3492 533 3566 non
556 3499 676 3569 rite
696 3495 1074 3595 concepisse.
1123 3508 1337 3574 Unam
1358 3501 1802 3596 expiationem
1829 3524 2064 3571 corum
2089 3494 2213 3569 effe
2234 3496 2261 3577 ‚¹
2285 3518 2355 3567 ut

2141 3595 2354 3665 tribu-

475 3693 499 3737 8
539 3674 712 3742 Latia
732 3695 981 3762 fictumque
1018 3698 1066 3744 in
1109 3697 1338 3762 Albano-J
1398 3709 1535 3759 ge,ca
1547 3691 1604 3742 de
1617 3696 1742 3743 causa
1760 3728 1774 3750 ,
1804 3688 2255 3756 utquemadmodum
2273 3695 2355 3741 La*

400 3761 977 3815 Fueruutauxemiuiututae
1004 3763 1031 3815 a
1057 3766 1332 3834 superbore-
1398 3765 1481 3815 tini
1508 3778 1657 3825 retum
1681 3763 1964 3847 publicatum
1988 3762 2117 3819 causa
2130 3758 2356 3886 ᾲδὲιὲξὲιὲἶ
