<?xml version="1.0" encoding="UTF-8"?>
<!DOCTYPE html PUBLIC "-//W3C//DTD XHTML 1.0 Transitional//EN"
    "http://www.w3.org/TR/xhtml1/DTD/xhtml1-transitional.dtd">
<html xmlns="http://www.w3.org/1999/xhtml" xml:lang="en" lang="en">
 <head>
  <title>
</title>
<meta http-equiv="Content-Type" content="text/html;charset=utf-8" />
  <meta name='ocr-system' content='tesseract 3.04.00' />
  <meta name='ocr-capabilities' content='ocr_page ocr_carea ocr_par ocr_line ocrx_word'/>
</head>
<body>
  <div class='ocr_page' id='page_1' title='image "./titiliviihistor00grongoog_0575.png"; bbox 0 0 2593 4366; ppageno 0'>
   <div class='ocr_carea' id='block_1_1' title="bbox 900 81 2190 205">
    <p class='ocr_par' dir='ltr' id='par_1_1' title="bbox 900 81 2190 205">
     <span class='ocr_line' id='line_1_1' title="bbox 900 81 2190 205; baseline 0.002 -27"><span class='ocrx_word' id='word_1_1' title='bbox 900 108 1314 183; x_wconf 69' lang='lat' dir='ltr'><em>Lrnrzu</em></span> <span class='ocrx_word' id='word_1_2' title='bbox 1406 81 1548 181; x_wconf 54' lang='lat' dir='ltr'><em>VI&#39;.</em></span> <span class='ocrx_word' id='word_1_3' title='bbox 2041 133 2190 205; x_wconf 81' lang='lat'><em>499</em></span> 
     </span>
    </p>
   </div>
   <div class='ocr_carea' id='block_1_2' title="bbox 222 201 2195 506">
    <p class='ocr_par' dir='ltr' id='par_1_2' title="bbox 222 201 2195 506">
     <span class='ocr_line' id='line_1_2' title="bbox 230 201 2192 305; baseline 0.001 -26"><span class='ocrx_word' id='word_1_4' title='bbox 230 201 485 279; x_wconf 76' lang='lat' dir='ltr'><em>stibulo</em></span> <span class='ocrx_word' id='word_1_5' title='bbox 497 202 690 279; x_wconf 70' lang='lat' dir='ltr'><em>turice</em></span> <span class='ocrx_word' id='word_1_6' title='bbox 706 202 802 278; x_wconf 82' lang='lat' dir='ltr'><em>est</em></span> <span class='ocrx_word' id='word_1_7' title='bbox 820 204 1226 301; x_wconf 68' lang='grc' dir='ltr'><em>ωιιῑρεᾶιιε,</em></span> <span class='ocrx_word' id='word_1_8' title='bbox 1253 210 1417 279; x_wconf 91' lang='lat' dir='ltr'><em>moti</em></span> <span class='ocrx_word' id='word_1_9' title='bbox 1431 206 1772 305; x_wconf 83' lang='lat' dir='ltr'><em>extemplo</em></span> <span class='ocrx_word' id='word_1_10' title='bbox 1793 214 2044 289; x_wconf 86' lang='lat' dir='ltr'><em>Patres,</em></span> <span class='ocrx_word' id='word_1_11' title='bbox 2065 237 2192 280; x_wconf 86' lang='lat' dir='ltr'><em>vo-</em></span> 
     </span>
     <span class='ocr_line' id='line_1_3' title="bbox 222 305 2191 415; baseline 0.001 -36"><span class='ocrx_word' id='word_1_12' title='bbox 222 308 358 379; x_wconf 85' lang='lat' dir='ltr'><em>cari</em></span> <span class='ocrx_word' id='word_1_13' title='bbox 394 331 514 377; x_wconf 89' lang='lat' dir='ltr'><em>eos</em></span> <span class='ocrx_word' id='word_1_14' title='bbox 552 309 687 397; x_wconf 88' lang='lat' dir='ltr'><em>jam</em></span> <span class='ocrx_word' id='word_1_15' title='bbox 733 328 871 377; x_wconf 91' lang='lat' dir='ltr'><em>tum</em></span> <span class='ocrx_word' id='word_1_16' title='bbox 906 305 1314 400; x_wconf 85' lang='lat' dir='ltr'>hospitaliter</span> <span class='ocrx_word' id='word_1_17' title='bbox 1352 309 1599 406; x_wconf 86' lang='lat' dir='ltr'><em>magis,</em></span> <span class='ocrx_word' id='word_1_18' title='bbox 1638 333 1833 415; x_wconf 81' lang='lat' dir='ltr'><em>quam</em></span> <span class='ocrx_word' id='word_1_19' title='bbox 1862 307 2191 380; x_wconf 83' lang='lat' dir='ltr'><em>hostiliter</em></span> 
     </span>
     <span class='ocr_line' id='line_1_4' title="bbox 222 403 2195 506; baseline -0.003 -30"><span class='ocrx_word' id='word_1_20' title='bbox 222 407 484 499; x_wconf 67' lang='lat' dir='ltr'><em>jussere.</em></span> <span class='ocrx_word' id='word_1_21' title='bbox 541 406 855 475; x_wconf 65' lang='lat' dir='ltr'><em>Dictator</em></span> <span class='ocrx_word' id='word_1_22' title='bbox 875 403 1282 478; x_wconf 86' lang='lat' dir='ltr'><em>Tusculanus</em></span> <span class='ocrx_word' id='word_1_23' title='bbox 1304 407 1393 477; x_wconf 89' lang='lat' dir='ltr'><em>ita</em></span> <span class='ocrx_word' id='word_1_24' title='bbox 1418 407 1614 476; x_wconf 89' lang='lat' dir='ltr'><em>verba</em></span> <span class='ocrx_word' id='word_1_25' title='bbox 1632 407 1813 478; x_wconf 73' lang='lat' dir='ltr'><em>tecit:</em></span> <span class='ocrx_word' id='word_1_26' title='bbox 1842 409 2059 506; x_wconf 73' lang='lat' dir='ltr'><em>Qibus</em></span> <span class='ocrx_word' id='word_1_27' title='bbox 2077 409 2195 477; x_wconf 83' lang='lat' dir='ltr'><em>bel..</em></span> 
     </span>
    </p>
   </div>
   <div class='ocr_carea' id='block_1_3' title="bbox 856 557 1130 746">
    <p class='ocr_par' dir='ltr' id='par_1_3' title="bbox 856 557 1130 746">
     <span class='ocr_line' id='line_1_5' title="bbox 856 557 1130 746; baseline -0.04 -89"><span class='ocrx_word' id='word_1_28' title='bbox 856 557 1130 746; x_wconf 95' lang='lat' dir='ltr'><em>       </em></span> 
     </span>
    </p>
   </div>
   <div class='ocr_carea' id='block_1_4' title="bbox 216 502 2189 696">
    <p class='ocr_par' dir='ltr' id='par_1_4' title="bbox 216 502 2189 696">
     <span class='ocr_line' id='line_1_6' title="bbox 219 502 2189 601; baseline 0.001 -27"><span class='ocrx_word' id='word_1_29' title='bbox 219 507 345 574; x_wconf 82' lang='lat' dir='ltr'><em>lum</em></span> <span class='ocrx_word' id='word_1_30' title='bbox 357 502 661 598; x_wconf 72' lang='lat' dir='ltr'><em>indixistis,</em></span> <span class='ocrx_word' id='word_1_31' title='bbox 678 507 917 573; x_wconf 69' lang='lat' dir='ltr'><em>intulisf</em></span> <span class='ocrx_word' id='word_1_32' title='bbox 1015 515 1030 532; x_wconf 87' lang='grc'><em>’·</em></span> <span class='ocrx_word' id='word_1_33' title='bbox 1053 541 1088 601; x_wconf 55' lang='lat'><em>,3</em></span> <span class='ocrx_word' id='word_1_34' title='bbox 1100 516 1294 588; x_wconf 69' lang='lat' dir='ltr'><em>Patres</em></span> <span class='ocrx_word' id='word_1_35' title='bbox 1317 505 1603 598; x_wconf 79' lang='lat' dir='ltr'><em>conscripti</em></span> <span class='ocrx_word' id='word_1_36' title='bbox 1624 563 1641 588; x_wconf 93' lang='lat'>,</span> <span class='ocrx_word' id='word_1_37' title='bbox 1655 505 1803 600; x_wconf 81' lang='lat' dir='ltr'><em>ficut</em></span> <span class='ocrx_word' id='word_1_38' title='bbox 1819 530 1963 576; x_wconf 84' lang='lat' dir='ltr'><em>nunc</em></span> <span class='ocrx_word' id='word_1_39' title='bbox 1978 509 2189 576; x_wconf 77' lang='lat' dir='ltr'><em>videtis</em></span> 
     </span>
     <span class='ocr_line' id='line_1_7' title="bbox 216 600 2189 696; baseline 0.002 -24"><span class='ocrx_word' id='word_1_40' title='bbox 216 600 534 696; x_wconf 77' lang='lat' dir='ltr'><em>nosstantes</em></span> <span class='ocrx_word' id='word_1_41' title='bbox 554 607 618 671; x_wconf 85' lang='lat' dir='ltr'><em>in</em></span> <span class='ocrx_word' id='word_1_42' title='bbox 640 604 856 672; x_wconf 65' lang='lat' dir='ltr'><em>vestibu</em></span> <span class='ocrx_word' id='word_1_43' title='bbox 1025 603 1038 615; x_wconf 78' lang='grc'><strong><em>”</em></strong></span> <span class='ocrx_word' id='word_1_44' title='bbox 1063 603 1068 688; x_wconf 81' lang='lat' dir='ltr'><strong>j</strong></span> <span class='ocrx_word' id='word_1_45' title='bbox 1111 605 1405 682; x_wconf 69' lang='lat' dir='ltr'><em>&#39;esl·rae,ita</em></span> <span class='ocrx_word' id='word_1_46' title='bbox 1418 608 1630 672; x_wconf 83' lang='lat' dir='ltr'><em>armati</em></span> <span class='ocrx_word' id='word_1_47' title='bbox 1642 609 1946 695; x_wconf 79' lang='lat' dir='ltr'><em>paratique</em></span> <span class='ocrx_word' id='word_1_48' title='bbox 1970 607 2189 676; x_wconf 80' lang='lat' dir='ltr'><em>obviam</em></span> 
     </span>
    </p>
   </div>
   <div class='ocr_carea' id='block_1_5' title="bbox 195 699 2283 3842">
    <p class='ocr_par' dir='ltr' id='par_1_5' title="bbox 195 699 2283 3842">
     <span class='ocr_line' id='line_1_8' title="bbox 222 699 2186 794; baseline 0 -24"><span class='ocrx_word' id='word_1_49' title='bbox 222 702 655 792; x_wconf 70' lang='lat' dir='ltr'><em>imperatoribus</em></span> <span class='ocrx_word' id='word_1_50' title='bbox 675 702 874 793; x_wconf 85' lang='lat' dir='ltr'><em>legioni</em></span> <span class='ocrx_word' id='word_1_51' title='bbox 1008 699 1075 771; x_wconf 73' lang='lat' dir='ltr'><em>²ue</em></span> <span class='ocrx_word' id='word_1_52' title='bbox 1093 707 1288 771; x_wconf 60' lang='lat' dir='ltr'><em>vestris</em></span> <span class='ocrx_word' id='word_1_53' title='bbox 1305 705 1665 794; x_wconf 73' lang='lat' dir='ltr'><em>proceſsimus.</em></span> <span class='ocrx_word' id='word_1_54' title='bbox 1714 706 1823 771; x_wconf 80' lang='lat' dir='ltr'><em>Hic</em></span> <span class='ocrx_word' id='word_1_55' title='bbox 1857 707 2039 774; x_wconf 64' lang='lat' dir='ltr'><em>noster</em></span> <span class='ocrx_word' id='word_1_56' title='bbox 2058 759 2074 784; x_wconf 89' lang='lat'>‚</span> <span class='ocrx_word' id='word_1_57' title='bbox 2096 705 2186 772; x_wconf 81' lang='lat' dir='ltr'><em>hic</em></span> 
     </span>
     <span class='ocr_line' id='line_1_9' title="bbox 215 795 2178 894; baseline 0.002 -27"><span class='ocrx_word' id='word_1_58' title='bbox 215 801 393 893; x_wconf 70' lang='lat' dir='ltr'><em>plebis</em></span> <span class='ocrx_word' id='word_1_59' title='bbox 412 804 593 868; x_wconf 63' lang='lat' dir='ltr'><em>nostra</em></span> <span class='ocrx_word' id='word_1_60' title='bbox 611 798 989 890; x_wconf 74' lang='lat' dir='ltr'><em>liabitusfuit,</em></span> <span class='ocrx_word' id='word_1_61' title='bbox 1010 803 1230 890; x_wconf 80' lang='lat' dir='ltr'><em>eritque</em></span> <span class='ocrx_word' id='word_1_62' title='bbox 1248 801 1471 894; x_wconf 81' lang='lat' dir='ltr'><em>semper</em></span> <span class='ocrx_word' id='word_1_63' title='bbox 1490 857 1508 881; x_wconf 92' lang='lat'><strong><em>,</em></strong></span> <span class='ocrx_word' id='word_1_64' title='bbox 1527 800 1623 894; x_wconf 83' lang='lat' dir='ltr'><em>nifi</em></span> <span class='ocrx_word' id='word_1_65' title='bbox 1641 800 1691 894; x_wconf 82' lang='lat' dir='ltr'><em>fi</em></span> <span class='ocrx_word' id='word_1_66' title='bbox 1711 803 1930 889; x_wconf 80' lang='lat' dir='ltr'><em>quando</em></span> <span class='ocrx_word' id='word_1_67' title='bbox 1956 795 1993 870; x_wconf 70' lang='grc' dir='ltr'><em>ἃ</em></span> <span class='ocrx_word' id='word_1_68' title='bbox 2014 801 2178 883; x_wconf 72' lang='lat' dir='ltr'><em>vobis,</em></span> 
     </span>
     <span class='ocr_line' id='line_1_10' title="bbox 220 899 2183 991; baseline 0.001 -25"><span class='ocrx_word' id='word_1_69' title='bbox 220 917 435 990; x_wconf 75' lang='lat' dir='ltr'><em>proque</em></span> <span class='ocrx_word' id='word_1_70' title='bbox 473 899 610 968; x_wconf 71' lang='lat' dir='ltr'><em>vobis</em></span> <span class='ocrx_word' id='word_1_71' title='bbox 627 955 644 980; x_wconf 91' lang='lat'><em>,</em></span> <span class='ocrx_word' id='word_1_72' title='bbox 684 922 851 968; x_wconf 81' lang='lat' dir='ltr'><em>arma</em></span> <span class='ocrx_word' id='word_1_73' title='bbox 886 903 1277 991; x_wconf 77' lang='lat' dir='ltr'><em>acceperimus.</em></span> <span class='ocrx_word' id='word_1_74' title='bbox 1330 903 1565 974; x_wconf 73' lang='lat' dir='ltr'><em>Gratias</em></span> <span class='ocrx_word' id='word_1_75' title='bbox 1606 902 1827 990; x_wconf 78' lang='lat' dir='ltr'><em>agimus</em></span> <span class='ocrx_word' id='word_1_76' title='bbox 1862 904 1931 974; x_wconf 58' lang='grc' dir='ltr'><em>(φ</em></span> <span class='ocrx_word' id='word_1_77' title='bbox 1956 901 2183 969; x_wconf 77' lang='lat' dir='ltr'><em>ducibus</em></span> 
     </span>
     <span class='ocr_line' id='line_1_11' title="bbox 223 997 2180 1089; baseline 0 -22"><span class='ocrx_word' id='word_1_78' title='bbox 223 1001 421 1067; x_wconf 68' lang='lat' dir='ltr'><em>vestris</em></span> <span class='ocrx_word' id='word_1_79' title='bbox 439 997 513 1072; x_wconf 59' lang='grc' dir='ltr'><em>ά</em></span> <span class='ocrx_word' id='word_1_80' title='bbox 531 999 867 1068; x_wconf 80' lang='lat' dir='ltr'><em>exercitibus</em></span> <span class='ocrx_word' id='word_1_81' title='bbox 882 1055 899 1080; x_wconf 91' lang='lat'>,</span> <span class='ocrx_word' id='word_1_82' title='bbox 924 999 1066 1088; x_wconf 81' lang='lat' dir='ltr'><em>quod</em></span> <span class='ocrx_word' id='word_1_83' title='bbox 1083 999 1251 1065; x_wconf 83' lang='lat' dir='ltr'><em>oculis</em></span> <span class='ocrx_word' id='word_1_84' title='bbox 1281 1003 1465 1089; x_wconf 81' lang='lat' dir='ltr'><em>magis</em></span> <span class='ocrx_word' id='word_1_85' title='bbox 1484 1021 1655 1089; x_wconf 81' lang='lat' dir='ltr'><em>quam</em></span> <span class='ocrx_word' id='word_1_86' title='bbox 1676 997 1904 1065; x_wconf 82' lang='lat' dir='ltr'><em>auribus</em></span> <span class='ocrx_word' id='word_1_87' title='bbox 1922 1001 2180 1067; x_wconf 82' lang='lat' dir='ltr'><em>credide-</em></span> 
     </span>
     <span class='ocr_line' id='line_1_12' title="bbox 222 1087 2182 1191; baseline 0.002 -28"><span class='ocrx_word' id='word_1_88' title='bbox 222 1114 393 1163; x_wconf 81' lang='lat' dir='ltr'><em>runt:</em></span> <span class='ocrx_word' id='word_1_89' title='bbox 416 1096 487 1171; x_wconf 66' lang='grc' dir='ltr'><em>ό·</em></span> <span class='ocrx_word' id='word_1_90' title='bbox 509 1097 599 1165; x_wconf 80' lang='lat' dir='ltr'><em>ubi</em></span> <span class='ocrx_word' id='word_1_91' title='bbox 619 1099 764 1166; x_wconf 79' lang='lat' dir='ltr'><em>nibil</em></span> <span class='ocrx_word' id='word_1_92' title='bbox 792 1099 984 1166; x_wconf 65' lang='lat' dir='ltr'><em>hostile</em></span> <span class='ocrx_word' id='word_1_93' title='bbox 1002 1117 1129 1166; x_wconf 80' lang='lat' dir='ltr'><em>erat</em></span> <span class='ocrx_word' id='word_1_94' title='bbox 1149 1153 1166 1178; x_wconf 94' lang='lat'>,</span> <span class='ocrx_word' id='word_1_95' title='bbox 1191 1121 1258 1164; x_wconf 87' lang='lat' dir='ltr'><em>ne</em></span> <span class='ocrx_word' id='word_1_96' title='bbox 1276 1098 1371 1191; x_wconf 82' lang='lat' dir='ltr'><em>ipsi</em></span> <span class='ocrx_word' id='word_1_97' title='bbox 1403 1097 1631 1187; x_wconf 85' lang='lat' dir='ltr'><em>quidem</em></span> <span class='ocrx_word' id='word_1_98' title='bbox 1637 1094 1923 1186; x_wconf 85' lang='lat' dir='ltr'><em>fecerunt.</em></span> <span class='ocrx_word' id='word_1_99' title='bbox 1977 1087 2182 1166; x_wconf 65' lang='lat' dir='ltr'><em>Pac&#39;em</em></span> 
     </span>
     <span class='ocr_line' id='line_1_13' title="bbox 220 1188 2237 1288; baseline 0 -25"><span class='ocrx_word' id='word_1_100' title='bbox 220 1215 400 1281; x_wconf 76' lang='lat' dir='ltr'><em>quam</em></span> <span class='ocrx_word' id='word_1_101' title='bbox 421 1217 513 1262; x_wconf 79' lang='lat' dir='ltr'><em>nos</em></span> <span class='ocrx_word' id='word_1_102' title='bbox 525 1199 908 1284; x_wconf 63' lang='lat' dir='ltr'><em>prestitimus,</em></span> <span class='ocrx_word' id='word_1_103' title='bbox 931 1188 1106 1265; x_wconf 56' lang='lat' dir='ltr'><em>cama</em></span> <span class='ocrx_word' id='word_1_104' title='bbox 1123 1197 1263 1265; x_wconf 69' lang='lat' dir='ltr'><em>vobis</em></span> <span class='ocrx_word' id='word_1_105' title='bbox 1274 1199 1553 1288; x_wconf 80' lang='lat' dir='ltr'><em>petimus.-</em></span> <span class='ocrx_word' id='word_1_106' title='bbox 1578 1196 1777 1266; x_wconf 76' lang='lat' dir='ltr'><em>benum</em></span> <span class='ocrx_word' id='word_1_107' title='bbox 1797 1219 1877 1275; x_wconf 85' lang='lat' dir='ltr'><em>eo,</em></span> <span class='ocrx_word' id='word_1_108' title='bbox 1883 1192 2055 1288; x_wconf 75' lang='lat' dir='ltr'><em>sicubi</em></span> <span class='ocrx_word' id='word_1_109' title='bbox 2072 1198 2175 1277; x_wconf 67' lang='lat' dir='ltr'><em>cst,</em></span> <span class='ocrx_word' id='word_1_110' title='bbox 2216 1235 2237 1254; x_wconf 59' lang='grc' dir='ltr'>ι</span> 
     </span>
     <span class='ocr_line' id='line_1_14' title="bbox 216 1291 2182 1386; baseline 0.001 -26"><span class='ocrx_word' id='word_1_111' title='bbox 216 1296 501 1362; x_wconf 74' lang='lat' dir='ltr'><em>avertatis</em></span> <span class='ocrx_word' id='word_1_112' title='bbox 519 1313 838 1384; x_wconf 81' lang='lat' dir='ltr'><em>precamur.</em></span> <span class='ocrx_word' id='word_1_113' title='bbox 890 1307 916 1361; x_wconf 86' lang='lat'><em>1</em></span> <span class='ocrx_word' id='word_1_114' title='bbox 921 1319 958 1363; x_wconf 82' lang='lat' dir='ltr'><em>n</em></span> <span class='ocrx_word' id='word_1_115' title='bbox 974 1318 1065 1362; x_wconf 87' lang='lat' dir='ltr'><em>nos</em></span> <span class='ocrx_word' id='word_1_116' title='bbox 1080 1295 1217 1384; x_wconf 80' lang='lat' dir='ltr'><em>quid</em></span> <span class='ocrx_word' id='word_1_117' title='bbox 1230 1315 1400 1363; x_wconf 82' lang='lat' dir='ltr'><em>arma</em></span> <span class='ocrx_word' id='word_1_118' title='bbox 1416 1298 1658 1386; x_wconf 77' lang='lat' dir='ltr'><em>polleant</em></span> <span class='ocrx_word' id='word_1_119' title='bbox 1677 1297 1881 1373; x_wconf 69' lang='lat' dir='ltr'><em>vestra,</em></span> <span class='ocrx_word' id='word_1_120' title='bbox 1888 1291 1940 1386; x_wconf 83' lang='lat' dir='ltr'><em>Ji</em></span> <span class='ocrx_word' id='word_1_121' title='bbox 1952 1296 2182 1385; x_wconf 84' lang='lat' dir='ltr'><em>patien-</em></span> 
     </span>
     <span class='ocr_line' id='line_1_15' title="bbox 217 1389 2184 1485; baseline -0.002 -24"><span class='ocrx_word' id='word_1_122' title='bbox 217 1392 288 1461; x_wconf 82' lang='lat' dir='ltr'><em>do</em></span> <span class='ocrx_word' id='word_1_123' title='bbox 306 1395 715 1482; x_wconf 79' lang='lat' dir='ltr'><em>experiundum</em></span> <span class='ocrx_word' id='word_1_124' title='bbox 733 1397 838 1469; x_wconf 73' lang='lat' dir='ltr'><em>eft,</em></span> <span class='ocrx_word' id='word_1_125' title='bbox 856 1396 1092 1463; x_wconf 87' lang='lat' dir='ltr'><em>inermes</em></span> <span class='ocrx_word' id='word_1_126' title='bbox 1113 1397 1489 1484; x_wconf 81' lang='lat' dir='ltr'><em>experiemur.</em></span> <span class='ocrx_word' id='word_1_127' title='bbox 1541 1405 1672 1460; x_wconf 75' lang='lat' dir='ltr'><em>Haec</em></span> <span class='ocrx_word' id='word_1_128' title='bbox 1689 1416 1844 1461; x_wconf 78' lang='lat' dir='ltr'><em>meus</em></span> <span class='ocrx_word' id='word_1_129' title='bbox 1873 1396 2063 1461; x_wconf 63' lang='lat' dir='ltr'><em>nostra</em></span> <span class='ocrx_word' id='word_1_130' title='bbox 2083 1389 2184 1485; x_wconf 79' lang='lat' dir='ltr'><em>est3</em></span> 
     </span>
     <span class='ocr_line' id='line_1_16' title="bbox 223 1488 2185 1588; baseline -0.001 -28"><span class='ocrx_word' id='word_1_131' title='bbox 223 1489 947 1581; x_wconf 79' lang='lat' dir='ltr'><em>Diiimmortalesfaciant,</em></span> <span class='ocrx_word' id='word_1_132' title='bbox 982 1510 1105 1559; x_wconf 77' lang='lat' dir='ltr'><em>tam</em></span> <span class='ocrx_word' id='word_1_133' title='bbox 1112 1488 1268 1580; x_wconf 79' lang='lat' dir='ltr'><em>felix</em></span> <span class='ocrx_word' id='word_1_134' title='bbox 1288 1496 1568 1588; x_wconf 59' lang='lat' dir='ltr'><em>quampg&#39;a</em></span> <span class='ocrx_word' id='word_1_135' title='bbox 1634 1491 1801 1581; x_wconf 62' lang='lat' dir='ltr'><em>Qiod</em></span> <span class='ocrx_word' id='word_1_136' title='bbox 1835 1491 1912 1558; x_wconf 84' lang='lat' dir='ltr'><em>ad</em></span> <span class='ocrx_word' id='word_1_137' title='bbox 1939 1493 2185 1559; x_wconf 78' lang='lat' dir='ltr'><em>crimina</em></span> 
     </span>
     <span class='ocr_line' id='line_1_17' title="bbox 219 1589 2182 1684; baseline -0.001 -27"><span class='ocrx_word' id='word_1_138' title='bbox 219 1593 457 1669; x_wconf 77' lang='lat' dir='ltr'><em>attinet,</em></span> <span class='ocrx_word' id='word_1_139' title='bbox 481 1590 678 1678; x_wconf 76' lang='lat' dir='ltr'><em>quibus</em></span> <span class='ocrx_word' id='word_1_140' title='bbox 705 1593 850 1667; x_wconf 59' lang='lat' dir='ltr'><em>„neoti</em></span> <span class='ocrx_word' id='word_1_141' title='bbox 868 1590 1064 1662; x_wconf 81' lang='lat' dir='ltr'><em>bellum</em></span> <span class='ocrx_word' id='word_1_142' title='bbox 1082 1592 1412 1680; x_wconf 70' lang='lat' dir='ltr'><em>iitdixis‘tis3</em></span> <span class='ocrx_word' id='word_1_143' title='bbox 1450 1590 1548 1684; x_wconf 74' lang='lat' dir='ltr'><em>etsi</em></span> <span class='ocrx_word' id='word_1_144' title='bbox 1566 1593 1777 1658; x_wconf 66' lang='lat' dir='ltr'><em>revicta</em></span> <span class='ocrx_word' id='word_1_145' title='bbox 1796 1589 1976 1668; x_wconf 80' lang='lat' dir='ltr'><em>rebus,</em></span> <span class='ocrx_word' id='word_1_146' title='bbox 1999 1590 2182 1659; x_wconf 80' lang='lat' dir='ltr'><em>verbis</em></span> 
     </span>
     <span class='ocr_line' id='line_1_18' title="bbox 214 1684 2184 1783; baseline 0 -28"><span class='ocrx_word' id='word_1_147' title='bbox 214 1684 511 1776; x_wconf 81' lang='lat' dir='ltr'><em>confutare</em></span> <span class='ocrx_word' id='word_1_148' title='bbox 533 1690 677 1757; x_wconf 68' lang='lat' dir='ltr'><em>»nhil</em></span> <span class='ocrx_word' id='word_1_149' title='bbox 688 1693 903 1759; x_wconf 85' lang='lat' dir='ltr'><em>attinet</em></span> <span class='ocrx_word' id='word_1_150' title='bbox 922 1718 944 1777; x_wconf 77' lang='lat'>3</span> <span class='ocrx_word' id='word_1_151' title='bbox 979 1707 1171 1757; x_wconf 84' lang='lat' dir='ltr'><em>tamen</em></span> <span class='ocrx_word' id='word_1_152' title='bbox 1188 1691 1410 1783; x_wconf 75' lang='lat' dir='ltr'><em>etiamsi</em></span> <span class='ocrx_word' id='word_1_153' title='bbox 1433 1688 1719 1783; x_wconf 79' lang='lat' dir='ltr'><em>verafint,</em></span> <span class='ocrx_word' id='word_1_154' title='bbox 1738 1689 1827 1758; x_wconf 82' lang='lat' dir='ltr'><em>vel</em></span> <span class='ocrx_word' id='word_1_155' title='bbox 1829 1684 2015 1778; x_wconf 80' lang='lat' dir='ltr'><em>fateri</em></span> <span class='ocrx_word' id='word_1_156' title='bbox 2035 1687 2184 1755; x_wconf 84' lang='lat' dir='ltr'><em>nobis</em></span> 
     </span>
     <span class='ocr_line' id='line_1_19' title="bbox 214 1783 2183 1880; baseline 0.001 -26"><span class='ocrx_word' id='word_1_157' title='bbox 214 1807 307 1867; x_wconf 76' lang='lat' dir='ltr'><em>u,</em></span> <span class='ocrx_word' id='word_1_158' title='bbox 326 1807 500 1875; x_wconf 87' lang='lat' dir='ltr'><em>quum</em></span> <span class='ocrx_word' id='word_1_159' title='bbox 519 1805 639 1856; x_wconf 83' lang='lat' dir='ltr'><em>tam</em></span> <span class='ocrx_word' id='word_1_160' title='bbox 662 1787 956 1858; x_wconf 78' lang='lat' dir='ltr'><em>evidenter</em></span> <span class='ocrx_word' id='word_1_161' title='bbox 968 1790 1287 1880; x_wconf 83' lang='lat' dir='ltr'><em>poenituerit</em></span> <span class='ocrx_word' id='word_1_162' title='bbox 1304 1833 1327 1866; x_wconf 90' lang='lat'>‚</span> <span class='ocrx_word' id='word_1_163' title='bbox 1370 1807 1558 1858; x_wconf 86' lang='lat' dir='ltr'><em>tutum</em></span> <span class='ocrx_word' id='word_1_164' title='bbox 1571 1783 1866 1880; x_wconf 84' lang='lat' dir='ltr'><em>censemus.</em></span> <span class='ocrx_word' id='word_1_165' title='bbox 1917 1799 2183 1856; x_wconf 84' lang='lat' dir='ltr'><em>Peccetur</em></span> 
     </span>
     <span class='ocr_line' id='line_1_20' title="bbox 216 1883 2177 1982; baseline 0.001 -28"><span class='ocrx_word' id='word_1_166' title='bbox 216 1886 280 1954; x_wconf 77' lang='lat' dir='ltr'><em>in</em></span> <span class='ocrx_word' id='word_1_167' title='bbox 298 1908 418 1967; x_wconf 81' lang='lat' dir='ltr'><em>vos,</em></span> <span class='ocrx_word' id='word_1_168' title='bbox 438 1885 576 1954; x_wconf 78' lang='lat' dir='ltr'><em>dum</em></span> <span class='ocrx_word' id='word_1_169' title='bbox 592 1886 750 1976; x_wconf 79' lang='lat' dir='ltr'><em>digni</em></span> <span class='ocrx_word' id='word_1_170' title='bbox 754 1885 900 1982; x_wconf 79' lang='lat' dir='ltr'><em>fitis,</em></span> <span class='ocrx_word' id='word_1_171' title='bbox 930 1886 1126 1975; x_wconf 80' lang='lat' dir='ltr'><em>quibus</em></span> <span class='ocrx_word' id='word_1_172' title='bbox 1142 1885 1510 1981; x_wconf 69' lang='lat' dir='ltr'><em>itasatisjiat.</em></span> <span class='ocrx_word' id='word_1_173' title='bbox 1553 1891 1850 1957; x_wconf 83' lang='lat' dir='ltr'><em>Tantum</em></span> <span class='ocrx_word' id='word_1_174' title='bbox 1871 1883 2006 1957; x_wconf 88' lang='lat' dir='ltr'><em>fere</em></span> <span class='ocrx_word' id='word_1_175' title='bbox 2029 1910 2177 1976; x_wconf 80' lang='lat' dir='ltr'><em>ver-</em></span> 
     </span>
     <span class='ocr_line' id='line_1_21' title="bbox 215 1982 2180 2081; baseline 0.002 -27"><span class='ocrx_word' id='word_1_176' title='bbox 215 1983 459 2054; x_wconf 86' lang='lat' dir='ltr'><em>borum</em></span> <span class='ocrx_word' id='word_1_177' title='bbox 479 1985 561 2052; x_wconf 89' lang='lat' dir='ltr'><em>ab</em></span> <span class='ocrx_word' id='word_1_178' title='bbox 597 1983 980 2056; x_wconf 87' lang='lat' dir='ltr'><em>Tusculanis</em></span> <span class='ocrx_word' id='word_1_179' title='bbox 1001 1982 1266 2056; x_wconf 61' lang='lat' dir='ltr'><em>faetum.</em></span> <span class='ocrx_word' id='word_1_180' title='bbox 1320 1995 1558 2059; x_wconf 85' lang='lat' dir='ltr'><em>Pacem</em></span> <span class='ocrx_word' id='word_1_181' title='bbox 1580 1984 1647 2054; x_wconf 90' lang='lat' dir='ltr'><em>in</em></span> <span class='ocrx_word' id='word_1_182' title='bbox 1671 1982 2032 2081; x_wconf 74' lang='lat' dir='ltr'><em>praesentia,</em></span> <span class='ocrx_word' id='word_1_183' title='bbox 2058 2009 2180 2057; x_wconf 87' lang='lat' dir='ltr'><em>nec</em></span> 
     </span>
     <span class='ocr_line' id='line_1_22' title="bbox 211 2076 2180 2181; baseline 0.001 -30"><span class='ocrx_word' id='word_1_184' title='bbox 211 2081 310 2153; x_wconf 86' lang='lat' dir='ltr'><em>ita</em></span> <span class='ocrx_word' id='word_1_185' title='bbox 331 2083 543 2153; x_wconf 89' lang='lat' dir='ltr'><em>multo</em></span> <span class='ocrx_word' id='word_1_186' title='bbox 558 2076 705 2180; x_wconf 89' lang='lat' dir='ltr'><em>post</em></span> <span class='ocrx_word' id='word_1_187' title='bbox 724 2083 1058 2156; x_wconf 86' lang='lat' dir='ltr'><em>civitatem</em></span> <span class='ocrx_word' id='word_1_188' title='bbox 1074 2086 1272 2158; x_wconf 79' lang='lat' dir='ltr'><em>etiam</em></span> <span class='ocrx_word' id='word_1_189' title='bbox 1291 2081 2180 2181; x_wconf 83' lang='lat' dir='ltr'><em>impetraverunt.abTuscu-</em></span> 
     </span>
     <span class='ocr_line' id='line_1_23' title="bbox 211 2181 2283 2292; baseline 0 -40"><span class='ocrx_word' id='word_1_190' title='bbox 211 2181 290 2252; x_wconf 87' lang='lat' dir='ltr'><em>lo</em></span> <span class='ocrx_word' id='word_1_191' title='bbox 322 2181 384 2253; x_wconf 89' lang='lat' dir='ltr'><em>le</em></span> <span class='ocrx_word' id='word_1_192' title='bbox 435 2182 621 2253; x_wconf 82' lang='lat' dir='ltr'><em>iones</em></span> <span class='ocrx_word' id='word_1_193' title='bbox 676 2186 978 2255; x_wconf 65' lang='lat' dir='ltr'><em>redufiae.</em></span> <span class='ocrx_word' id='word_1_194' title='bbox 1033 2185 1357 2257; x_wconf 82' lang='lat' dir='ltr'><em>Camillus</em></span> <span class='ocrx_word' id='word_1_195' title='bbox 1404 2183 1677 2259; x_wconf 79' lang='lat' dir='ltr'><em>confilio</em></span> <span class='ocrx_word' id='word_1_196' title='bbox 1724 2194 1789 2260; x_wconf 86' lang='lat'>&amp;</span> <span class='ocrx_word' id='word_1_197' title='bbox 1838 2185 2079 2254; x_wconf 86' lang='lat' dir='ltr'><em>virtute</em></span> <span class='ocrx_word' id='word_1_198' title='bbox 2105 2183 2170 2254; x_wconf 87' lang='lat' dir='ltr'><em>in</em></span> <span class='ocrx_word' id='word_1_199' title='bbox 2188 2214 2283 2292; x_wconf 53' lang='grc' dir='ltr'><em>η]</em></span> 
     </span>
     <span class='ocr_line' id='line_1_24' title="bbox 206 2279 2176 2379; baseline -0.002 -25"><span class='ocrx_word' id='word_1_200' title='bbox 206 2283 356 2354; x_wconf 89' lang='lat' dir='ltr'><em>Vol</em></span> <span class='ocrx_word' id='word_1_201' title='bbox 390 2306 471 2352; x_wconf 92' lang='lat' dir='ltr'><em>co</em></span> <span class='ocrx_word' id='word_1_202' title='bbox 494 2282 697 2365; x_wconf 86' lang='lat' dir='ltr'><em>bello,</em></span> <span class='ocrx_word' id='word_1_203' title='bbox 719 2279 1113 2354; x_wconf 83' lang='lat' dir='ltr'><em>felicitatein</em></span> <span class='ocrx_word' id='word_1_204' title='bbox 1133 2280 1505 2354; x_wconf 86' lang='lat' dir='ltr'><em>Tusculana</em></span> <span class='ocrx_word' id='word_1_205' title='bbox 1523 2281 1971 2379; x_wconf 80' lang='lat' dir='ltr'><em>expeditione,</em></span> <span class='ocrx_word' id='word_1_206' title='bbox 1987 2304 2176 2353; x_wconf 84' lang='lat' dir='ltr'><em>utro-</em></span> 
     </span>
     <span class='ocr_line' id='line_1_25' title="bbox 206 2378 2177 2480; baseline -0.001 -28"><span class='ocrx_word' id='word_1_207' title='bbox 206 2379 415 2478; x_wconf 87' lang='lat' dir='ltr'><em>bique</em></span> <span class='ocrx_word' id='word_1_208' title='bbox 438 2379 738 2480; x_wconf 83' lang='lat' dir='ltr'><em>fingulari</em></span> <span class='ocrx_word' id='word_1_209' title='bbox 757 2378 1053 2454; x_wconf 88' lang='lat' dir='ltr'><em>adversus</em></span> <span class='ocrx_word' id='word_1_210' title='bbox 1083 2383 1409 2479; x_wconf 80' lang='lat' dir='ltr'><em>collegam</em></span> <span class='ocrx_word' id='word_1_211' title='bbox 1432 2381 1745 2477; x_wconf 88' lang='lat' dir='ltr'><em>patientia</em></span> <span class='ocrx_word' id='word_1_212' title='bbox 1780 2391 1843 2453; x_wconf 85' lang='lat'>&amp;</span> <span class='ocrx_word' id='word_1_213' title='bbox 1866 2381 2177 2450; x_wconf 86' lang='lat' dir='ltr'><em>modera-</em></span> 
     </span>
     <span class='ocr_line' id='line_1_26' title="bbox 207 2477 2178 2580; baseline -0.002 -28"><span class='ocrx_word' id='word_1_214' title='bbox 207 2480 402 2552; x_wconf 88' lang='lat' dir='ltr'><em>tione</em></span> <span class='ocrx_word' id='word_1_215' title='bbox 420 2478 708 2580; x_wconf 81' lang='lat' dir='ltr'><em>insignis,</em></span> <span class='ocrx_word' id='word_1_216' title='bbox 730 2477 1108 2579; x_wconf 85' lang='lat' dir='ltr'><em>magistratu</em></span> <span class='ocrx_word' id='word_1_217' title='bbox 1129 2481 1328 2564; x_wconf 72' lang='lat' dir='ltr'><em>abiit5</em></span> <span class='ocrx_word' id='word_1_218' title='bbox 1365 2481 1597 2549; x_wconf 86' lang='lat' dir='ltr'><em>creatis</em></span> <span class='ocrx_word' id='word_1_219' title='bbox 1632 2478 1909 2555; x_wconf 72' lang='lat' dir='ltr'><em>‚tribunis</em></span> <span class='ocrx_word' id='word_1_220' title='bbox 1931 2479 2178 2549; x_wconf 87' lang='lat' dir='ltr'><em>milita-</em></span> 
     </span>
     <span class='ocr_line' id='line_1_27' title="bbox 208 2574 2173 2678; baseline -0.001 -29"><span class='ocrx_word' id='word_1_221' title='bbox 208 2578 483 2649; x_wconf 81' lang='lat' dir='ltr'><em>ribusiu</em></span> <span class='ocrx_word' id='word_1_222' title='bbox 511 2574 959 2678; x_wconf 85' lang='lat' dir='ltr'><em>insequentem</em></span> <span class='ocrx_word' id='word_1_223' title='bbox 996 2604 1273 2657; x_wconf 87' lang='lat' dir='ltr'><em>annum,</em></span> <span class='ocrx_word' id='word_1_224' title='bbox 1318 2582 1400 2647; x_wconf 93' lang='lat' dir='ltr'><em>L.</em></span> <span class='ocrx_word' id='word_1_225' title='bbox 1426 2586 1491 2651; x_wconf 87' lang='lat'>&amp;</span> <span class='ocrx_word' id='word_1_226' title='bbox 1525 2576 1924 2655; x_wconf 85' lang='lat' dir='ltr'><em>P.Valeriis‚</em></span> <span class='ocrx_word' id='word_1_227' title='bbox 1959 2577 2173 2647; x_wconf 90' lang='lat' dir='ltr'><em>Lucio</em></span> 
     </span>
     <span class='ocr_line' id='line_1_28' title="bbox 210 2676 2181 2777; baseline -0.001 -29"><span class='ocrx_word' id='word_1_228' title='bbox 210 2678 523 2777; x_wconf 83' lang='lat' dir='ltr'><em>quintum</em></span> <span class='ocrx_word' id='word_1_229' title='bbox 545 2734 563 2761; x_wconf 87' lang='lat'><em>,</em></span> <span class='ocrx_word' id='word_1_230' title='bbox 583 2680 818 2752; x_wconf 86' lang='lat' dir='ltr'><em>Publio</em></span> <span class='ocrx_word' id='word_1_231' title='bbox 843 2678 1132 2760; x_wconf 86' lang='lat' dir='ltr'><em>tertium,</em></span> <span class='ocrx_word' id='word_1_232' title='bbox 1155 2688 1220 2752; x_wconf 84' lang='lat'>&amp;</span> <span class='ocrx_word' id='word_1_233' title='bbox 1244 2681 1328 2749; x_wconf 92' lang='lat' dir='ltr'><em>C.</em></span> <span class='ocrx_word' id='word_1_234' title='bbox 1350 2678 1581 2777; x_wconf 83' lang='lat' dir='ltr'><em>Sergio</em></span> <span class='ocrx_word' id='word_1_235' title='bbox 1599 2676 1893 2756; x_wconf 87' lang='lat' dir='ltr'><em>tertium,</em></span> <span class='ocrx_word' id='word_1_236' title='bbox 1919 2681 1999 2748; x_wconf 75' lang='lat'><em>1..</em></span> <span class='ocrx_word' id='word_1_237' title='bbox 2027 2681 2181 2749; x_wconf 87' lang='lat' dir='ltr'><em>Me·-</em></span> 
     </span>
     <span class='ocr_line' id='line_1_29' title="bbox 210 2768 2176 2876; baseline -0.002 -28"><span class='ocrx_word' id='word_1_238' title='bbox 210 2776 420 2848; x_wconf 87' lang='lat' dir='ltr'><em>nenio</em></span> <span class='ocrx_word' id='word_1_239' title='bbox 454 2772 846 2858; x_wconf 84' lang='lat' dir='ltr'><em>secundum,</em></span> <span class='ocrx_word' id='word_1_240' title='bbox 885 2786 995 2875; x_wconf 89' lang='lat' dir='ltr'><em>Sp.</em></span> <span class='ocrx_word' id='word_1_241' title='bbox 1019 2777 1281 2874; x_wconf 85' lang='lat' dir='ltr'><em>Papirio</em></span> <span class='ocrx_word' id='word_1_242' title='bbox 1304 2827 1324 2859; x_wconf 91' lang='lat'>‚</span> <span class='ocrx_word' id='word_1_243' title='bbox 1360 2776 1497 2848; x_wconf 82' lang='lat' dir='ltr'><em>Ser.</em></span> <span class='ocrx_word' id='word_1_244' title='bbox 1520 2768 1843 2848; x_wconf 85' lang='lat' dir='ltr'><em>Cornelio</em></span> <span class='ocrx_word' id='word_1_245' title='bbox 1883 2776 2176 2876; x_wconf 81' lang='lat' dir='ltr'><em>Malugi-</em></span> 
     </span>
     <span class='ocr_line' id='line_1_30' title="bbox 208 2872 2171 2977; baseline -0.002 -29"><span class='ocrx_word' id='word_1_246' title='bbox 208 2872 433 2948; x_wconf 86' lang='lat' dir='ltr'><em>nense.</em></span> <span class='ocrx_word' id='word_1_247' title='bbox 485 2873 888 2949; x_wconf 88' lang='lat' dir='ltr'><em>Censoribus</em></span> <span class='ocrx_word' id='word_1_248' title='bbox 909 2902 1177 2977; x_wconf 89' lang='lat' dir='ltr'><em>quoque</em></span> <span class='ocrx_word' id='word_1_249' title='bbox 1202 2877 1385 2976; x_wconf 84' lang='lat' dir='ltr'><em>eguit</em></span> <span class='ocrx_word' id='word_1_250' title='bbox 1420 2901 1664 2945; x_wconf 87' lang='lat' dir='ltr'><em>annus:</em></span> <span class='ocrx_word' id='word_1_251' title='bbox 1706 2876 1988 2945; x_wconf 85' lang='lat' dir='ltr'><em>maxime</em></span> <span class='ocrx_word' id='word_1_252' title='bbox 2060 2899 2171 2944; x_wconf 84' lang='lat' dir='ltr'><em>ro-</em></span> 
     </span>
     <span class='ocr_line' id='line_1_31' title="bbox 210 2900 2175 3075; baseline -0.003 -28"><span class='ocrx_word' id='word_1_253' title='bbox 210 2998 365 3072; x_wconf 82' lang='lat' dir='ltr'><em>pter</em></span> <span class='ocrx_word' id='word_1_254' title='bbox 400 2976 716 3047; x_wconf 84' lang='lat' dir='ltr'><em>incertam</em></span> <span class='ocrx_word' id='word_1_255' title='bbox 754 2973 991 3047; x_wconf 86' lang='lat' dir='ltr'><em>famam</em></span> <span class='ocrx_word' id='word_1_256' title='bbox 1012 2979 1151 3048; x_wconf 82' lang='lat' dir='ltr'><em>aetis</em></span> <span class='ocrx_word' id='word_1_257' title='bbox 1176 2977 1411 3060; x_wconf 74' lang='lat' dir='ltr'><em>alieni3</em></span> <span class='ocrx_word' id='word_1_258' title='bbox 1451 2975 1953 3075; x_wconf 83' lang='lat' dir='ltr'><em>aggravantibus</em></span> <span class='ocrx_word' id='word_1_259' title='bbox 1996 2900 2175 3042; x_wconf 60' lang='lat' dir='ltr'><em>siim-</em></span> 
     </span>
     <span class='ocr_line' id='line_1_32' title="bbox 207 3071 2171 3171; baseline -0.001 -28"><span class='ocrx_word' id='word_1_260' title='bbox 207 3099 392 3169; x_wconf 75' lang='lat' dir='ltr'><em>mam</em></span> <span class='ocrx_word' id='word_1_261' title='bbox 430 3075 625 3146; x_wconf 87' lang='lat' dir='ltr'><em>etiam</em></span> <span class='ocrx_word' id='word_1_262' title='bbox 666 3076 922 3148; x_wconf 68' lang='lat' dir='ltr'><em>invidiae</em></span> <span class='ocrx_word' id='word_1_263' title='bbox 954 3079 1100 3169; x_wconf 74' lang='lat' dir='ltr'><em>ejus</em></span> <span class='ocrx_word' id='word_1_264' title='bbox 1131 3077 1409 3147; x_wconf 83' lang='lat' dir='ltr'><em>tribunis</em></span> <span class='ocrx_word' id='word_1_265' title='bbox 1455 3074 1661 3168; x_wconf 87' lang='lat' dir='ltr'><em>plebis</em></span> <span class='ocrx_word' id='word_1_266' title='bbox 1678 3129 1699 3156; x_wconf 89' lang='lat'><strong><em>,</em></strong></span> <span class='ocrx_word' id='word_1_267' title='bbox 1750 3099 1951 3171; x_wconf 88' lang='lat' dir='ltr'><em>quum</em></span> <span class='ocrx_word' id='word_1_268' title='bbox 1978 3072 2061 3141; x_wconf 81' lang='lat' dir='ltr'><em>ab</em></span> <span class='ocrx_word' id='word_1_269' title='bbox 2090 3071 2171 3142; x_wconf 85' lang='lat' dir='ltr'><em>iis</em></span> 
     </span>
     <span class='ocr_line' id='line_1_33' title="bbox 210 3170 2171 3273; baseline -0.003 -29"><span class='ocrx_word' id='word_1_270' title='bbox 210 3176 610 3253; x_wconf 86' lang='lat' dir='ltr'><em>elevaretur,</em></span> <span class='ocrx_word' id='word_1_271' title='bbox 635 3177 868 3273; x_wconf 85' lang='lat' dir='ltr'><em>quibus</em></span> <span class='ocrx_word' id='word_1_272' title='bbox 897 3174 1027 3247; x_wconf 81' lang='lat' dir='ltr'><em>fide</em></span> <span class='ocrx_word' id='word_1_273' title='bbox 1051 3176 1256 3273; x_wconf 82' lang='lat' dir='ltr'><em>magis</em></span> <span class='ocrx_word' id='word_1_274' title='bbox 1282 3199 1480 3273; x_wconf 89' lang='lat' dir='ltr'><em>quam</em></span> <span class='ocrx_word' id='word_1_275' title='bbox 1506 3170 1765 3242; x_wconf 85' lang='lat' dir='ltr'><em>fortuna</em></span> <span class='ocrx_word' id='word_1_276' title='bbox 1782 3172 2171 3242; x_wconf 87' lang='lat' dir='ltr'><em>debentium</em></span> 
     </span>
     <span class='ocr_line' id='line_1_34' title="bbox 210 3266 2173 3369; baseline 0 -30"><span class='ocrx_word' id='word_1_277' title='bbox 210 3271 516 3359; x_wconf 81' lang='lat' dir='ltr'><em>laborare</em></span> <span class='ocrx_word' id='word_1_278' title='bbox 552 3276 870 3345; x_wconf 90' lang='lat' dir='ltr'><em>creditum</em></span> <span class='ocrx_word' id='word_1_279' title='bbox 891 3275 1099 3346; x_wconf 90' lang='lat' dir='ltr'><em>videri</em></span> <span class='ocrx_word' id='word_1_280' title='bbox 1132 3274 1545 3369; x_wconf 80' lang='lat' dir='ltr'><em>expediebat.</em></span> <span class='ocrx_word' id='word_1_281' title='bbox 1596 3266 2173 3352; x_wconf 83' lang='lat' dir='ltr'><em>Creaticensores,</em></span> 
     </span>
     <span class='ocr_line' id='line_1_35' title="bbox 211 3367 2173 3469; baseline -0.001 -30"><span class='ocrx_word' id='word_1_282' title='bbox 211 3380 304 3448; x_wconf 89' lang='lat' dir='ltr'><em>C.</em></span> <span class='ocrx_word' id='word_1_283' title='bbox 338 3372 658 3468; x_wconf 85' lang='lat' dir='ltr'><em>Sulpicius</em></span> <span class='ocrx_word' id='word_1_284' title='bbox 699 3376 1091 3446; x_wconf 77' lang='lat' dir='ltr'><em>Camerinus</em></span> <span class='ocrx_word' id='word_1_285' title='bbox 1111 3417 1132 3451; x_wconf 82' lang='lat'><strong>‚</strong></span> <span class='ocrx_word' id='word_1_286' title='bbox 1182 3382 1292 3466; x_wconf 86' lang='lat' dir='ltr'><em>Sp.</em></span> <span class='ocrx_word' id='word_1_287' title='bbox 1340 3372 1705 3444; x_wconf 90' lang='lat' dir='ltr'><em>Postumius</em></span> <span class='ocrx_word' id='word_1_288' title='bbox 1747 3367 2173 3469; x_wconf 78' lang='lat' dir='ltr'><em>Regillensis.</em></span> 
     </span>
     <span class='ocr_line' id='line_1_36' title="bbox 214 3463 2175 3569; baseline 0.001 -30"><span class='ocrx_word' id='word_1_289' title='bbox 214 3491 577 3569; x_wconf 86' lang='lat' dir='ltr'><em>coeptaque</em></span> <span class='ocrx_word' id='word_1_290' title='bbox 595 3473 725 3566; x_wconf 83' lang='lat' dir='ltr'><em>jam</em></span> <span class='ocrx_word' id='word_1_291' title='bbox 750 3496 849 3543; x_wconf 87' lang='lat' dir='ltr'><em>res</em></span> <span class='ocrx_word' id='word_1_292' title='bbox 874 3463 1089 3544; x_wconf 57' lang='lat' dir='ltr'><em>morte</em></span> <span class='ocrx_word' id='word_1_293' title='bbox 1113 3471 1455 3558; x_wconf 83' lang='lat' dir='ltr'><em>Postumii,</em></span> <span class='ocrx_word' id='word_1_294' title='bbox 1477 3471 1629 3568; x_wconf 88' lang='lat' dir='ltr'><em>quia</em></span> <span class='ocrx_word' id='word_1_295' title='bbox 1648 3469 1976 3565; x_wconf 85' lang='lat' dir='ltr'><em>collegam</em></span> <span class='ocrx_word' id='word_1_296' title='bbox 1997 3464 2175 3540; x_wconf 87' lang='lat' dir='ltr'><em>suffi-</em></span> 
     </span>
     <span class='ocr_line' id='line_1_37' title="bbox 212 3564 2179 3670; baseline -0.002 -32"><span class='ocrx_word' id='word_1_297' title='bbox 212 3569 277 3638; x_wconf 87' lang='lat' dir='ltr'><em>ci</em></span> <span class='ocrx_word' id='word_1_298' title='bbox 297 3564 550 3640; x_wconf 86' lang='lat' dir='ltr'><em>censori</em></span> <span class='ocrx_word' id='word_1_299' title='bbox 570 3571 806 3670; x_wconf 86' lang='lat' dir='ltr'><em>religio</em></span> <span class='ocrx_word' id='word_1_300' title='bbox 819 3595 979 3653; x_wconf 87' lang='lat' dir='ltr'><em>erat,</em></span> <span class='ocrx_word' id='word_1_301' title='bbox 1002 3572 1419 3668; x_wconf 81' lang='lat' dir='ltr'><em>interpellata</em></span> <span class='ocrx_word' id='word_1_302' title='bbox 1436 3574 1553 3640; x_wconf 80' lang='lat' dir='ltr'><em>eit.</em></span> <span class='ocrx_word' id='word_1_303' title='bbox 1584 3570 1792 3667; x_wconf 75' lang='lat' dir='ltr'><em>Igitur</em></span> <span class='ocrx_word' id='word_1_304' title='bbox 1814 3588 2015 3664; x_wconf 85' lang='lat' dir='ltr'><em>quum</em></span> <span class='ocrx_word' id='word_1_305' title='bbox 2030 3567 2179 3637; x_wconf 83' lang='lat' dir='ltr'><em>Sul·-</em></span> 
     </span>
     <span class='ocr_line' id='line_1_38' title="bbox 209 3664 2178 3772; baseline -0.002 -34"><span class='ocrx_word' id='word_1_306' title='bbox 209 3668 427 3767; x_wconf 77' lang='lat' dir='ltr'><em>picius</em></span> <span class='ocrx_word' id='word_1_307' title='bbox 449 3668 798 3744; x_wconf 70' lang='lat' dir='ltr'><em>abdicasset</em></span> <span class='ocrx_word' id='word_1_308' title='bbox 817 3668 881 3745; x_wconf 91' lang='lat' dir='ltr'><em>se</em></span> <span class='ocrx_word' id='word_1_309' title='bbox 899 3669 1276 3772; x_wconf 80' lang='lat' dir='ltr'><em>magistratu</em></span> <span class='ocrx_word' id='word_1_310' title='bbox 1295 3725 1317 3757; x_wconf 91' lang='lat'><em>,</em></span> <span class='ocrx_word' id='word_1_311' title='bbox 1336 3665 1639 3739; x_wconf 85' lang='lat' dir='ltr'><em>censores</em></span> <span class='ocrx_word' id='word_1_312' title='bbox 1661 3666 1771 3737; x_wconf 88' lang='lat' dir='ltr'><em>alii</em></span> <span class='ocrx_word' id='word_1_313' title='bbox 1790 3667 1954 3738; x_wconf 87' lang='lat' dir='ltr'><em>vitio</em></span> <span class='ocrx_word' id='word_1_314' title='bbox 1974 3664 2178 3738; x_wconf 86' lang='lat' dir='ltr'><em>creati</em></span> 
     </span>
     <span class='ocr_line' id='line_1_39' title="bbox 195 3767 2185 3842; baseline -0.001 -1"><span class='ocrx_word' id='word_1_315' title='bbox 195 3784 208 3791; x_wconf 83' lang='lat'><strong>‘</strong></span> <span class='ocrx_word' id='word_1_316' title='bbox 1393 3767 1468 3842; x_wconf 85' lang='lat' dir='ltr'><em>li</em></span> <span class='ocrx_word' id='word_1_317' title='bbox 1516 3790 1557 3839; x_wconf 84' lang='lat'><em>2.</em></span> <span class='ocrx_word' id='word_1_318' title='bbox 1784 3770 1793 3780; x_wconf 76' lang='grc'><em>”</em></span> <span class='ocrx_word' id='word_1_319' title='bbox 1829 3834 1833 3841; x_wconf 86' lang='grc'><strong>,</strong></span> <span class='ocrx_word' id='word_1_320' title='bbox 2042 3789 2185 3839; x_wconf 86' lang='lat' dir='ltr'><em>non</em></span> 
     </span>
    </p>
   </div>
  </div>
 </body>
</html>
