2593 4366
855 119 1285 194 Lttnit
1377 114 1523 191 IX.
1691 213 1696 216 -
2019 122 2169 212 739

197 210 428 303 ρι’ἆος,
448 213 746 291 universa
761 241 975 315 prope
1037 239 1155 285 ens
1178 269 1200 300 ,
1232 217 1366 289 fine
1385 210 1903 290 diffimulatione
1917 214 2172 296 confilii

84 373 87 384 ,
215 319 468 423 publici
484 363 509 398 ‚
543 316 624 388 ad
644 315 872 387 hostes
890 315 973 386 de
1003 316 1284 386 civeratz
1321 326 1386 390 δι
1406 313 1910 418 Ροίὶςιιιωίἃο
1924 316 2174 431 Romfe

221 446 374 495 eum
391 416 794 492 Samnitibus
811 408 1067 483 foedere
1086 455 1111 490 ‚
1134 405 1398 484 feciales
1421 435 1739 489 venerant
1756 459 1779 495 ‚
1797 439 1901 486 res
1923 437 2177 514 repeti·

222 543 391 602 tum,
410 517 789 588 tentationem
806 567 827 595 ‚
851 510 1138 588 aiebant,
1148 509 1248 604 effe
1261 561 1280 591 ‚
1300 531 1366 581 ut
1381 531 1591 585 terrore
1608 513 1802 614 incuffi
1818 513 1943 587 beni
1963 526 2176 587 Roma·
2269 555 2280 572 τ

220 617 387 713 nosse
396 615 534 712 fieri
550 632 906 707 paterentur.
926 607 1075 704 quod
1089 625 1429 702 quantopere
1440 610 1896 707 optanduman
1909 668 1934 700 ,
1953 620 2178 686 Herni-

227 742 319 790 cos
350 714 615 812 docuiffe:
654 734 828 806 quum
846 710 1041 805 quibua
1055 709 1285 778 licuerit
1303 757 1325 791 ‚
1346 707 1475 803 sm
1490 710 1639 801 leges
1661 725 1910 796 Romam
1938 716 2181 788 civitati

215 814 652 913 praeoptaverint
667 837 688 881 .·
702 810 894 903 quibus
908 808 1131 903 legendi
1144 807 1287 900 quid
1303 809 1557 892 mallent,
1575 813 1736 900 copia
1748 811 2064 905 mnfuerit,
2075 833 2188 909 pre

224 935 390 1011 poena
405 912 766 1010 neceffariaem
778 913 1081 983 civitatem
1081 904 1241 1002 fore.
1284 907 1412 980 Ob
1424 907 1563 979 haec
1583 951 1605 988 ‚
1636 911 1842 1008 vulgo
1861 916 1930 984 in
1948 916 2184 988 conci..

228 1015 333 1087 liis
352 1016 613 1107 jafiata,
636 1011 918 1110 populus
941 1011 1285 1082 Romanus
1307 1008 1559 1081 bellum
1580 1004 1724 1079 fieri
1744 1011 1959 1107 AEquiz
1976 1013 2183 1103 juffitt

232 1109 665 1212 consulesque
686 1109 888 1182 ambo
906 1108 987 1180 ad
1007 1133 1254 1182 novum
1276 1104 1564 1207 profeffi
1578 1106 1826 1181 bellum
1843 1152 1867 1190 ‚
1898 1129 2186 1208 quatuor

231 1214 525 1289 millibus
585 1212 624 1282 ὲ
670 1209 892 1282 castris
944 1207 1230 1281 hostium
1284 1204 1748 1282 consederunt.
1827 1212 2183 1309 AEquorum

240 1314 570 1387 exercitus
593 1312 627 1407 (
631 1331 702 1381 ut
718 1309 835 1409 qui
852 1304 967 1380 suo
983 1309 1252 1381 nornine
1266 1309 1637 1407 permultos
1655 1330 1862 1380 annos
1875 1307 2185 1381 imbelles

238 1409 568 1512 egiss‘ent)
591 1408 1021 1480 tumultuario
1043 1404 1264 1480 similis
1284 1407 1461 1489 ,fine
1485 1407 1763 1481 ducibus
1784 1407 1981 1480 certis
2004 1453 2026 1490 ,
2056 1408 2190 1481 fine

116 1561 121 1566 -
236 1513 523 1609 imperio
543 1509 896 1677 trepidare.
931 1506 1044 1579 alii
1069 1507 1442 1581 exeundum
1465 1507 1532 1578 in
1554 1509 1760 1581 aciem
1779 1551 1802 1588 ‚
1838 1507 1947 1578 alii
1983 1505 2191 1580 castra

237 1609 484 1681 tuenda
513 1631 633 1681 cen
660 1628 775 1679 ent
798 1635 818 1679 ε
859 1627 1087 1680 movet
1101 1604 1452 1706 plerosque
1472 1606 1744 1681 vastatio
1761 1602 1975 1680 futura
1993 1631 2194 1707 agro-

236 1734 383 1781 rum
403 1752 425 1786 ‚
459 1732 533 1780 ac
553 1706 865 1806 deinceps
885 1732 1035 1780 cum
1055 1707 1312 1779 levibus
1328 1703 1632 1806 praefidiis
1651 1706 1909 1780 urbium
1926 1709 2197 1779 relifia-

237 1833 385 1880 rum
402 1806 682 1879 excidia.
731 1812 968 1905 Itaque
992 1805 1341 1908 postquam
1376 1806 1544 1880 inter
1576 1809 1816 1881 multas
1833 1802 2196 1880 sententiae

239 1931 389 1990 una,
413 1933 558 2006 quae
578 1903 799 1979 omiffa
815 1932 966 1979 cura
987 1906 1437 1979 communium
1457 1907 1539 1979 ad
1550 1903 1917 2006 respefium
1938 1901 2196 1978 suarum

237 2030 574 2105 quemque
595 2031 810 2079 rerum
829 2002 1388 2091 vertiffet,audita;
1408 2030 1479 2079 ut
1492 2008 1702 2105 prima
1715 2006 1936 2106 vigilia
1956 2004 2198 2080 diversi

244 2107 281 2178 ὲ
305 2105 523 2178 castris
554 2104 635 2177 ad
653 2103 1064 2205 deportanda
1095 2106 1321 2178 omnia
1349 2108 1723 2206 tuendaque
1751 2105 2088 2179 rnoenibus
2126 2108 2202 2180 in

243 2206 439 2280 urbes
458 2205 738 2295 abirent3
757 2207 975 2278 cunffl
990 2230 1133 2277 eam
1154 2200 1540 2279 sententiam
1558 2207 1813 2306 ingenti
1834 2202 2077 2278 affensu
2090 2229 2204 2278 ac·

250 2330 516 2401 cepere.
565 2306 807 2381 Palatis
830 2304 1127 2401 hostibus
1149 2328 1267 2401 per
1288 2328 1485 2403 agros
1504 2350 1527 2387 ‚
1547 2309 1758 2402 prima
1777 2307 1924 2380 luce
1942 2306 2203 2379 Roma·

247 2405 317 2475 ni
338 2402 529 2504 (ignis
554 2405 832 2503 prolatis
852 2406 918 2475 in
938 2404 1077 2474 acie
1093 2400 1454 2475 confistunt
1475 2431 1495 2474 ι
1518 2413 1587 2478 &
1609 2402 1723 2474 ubi
1740 2428 1938 2476 nemo
1953 2402 2193 2476 obvius

245 2504 410 2586 ibat,
435 2506 633 2600 pleno
650 2503 856 2604 gradu
875 2504 957 2575 ad
977 2499 1183 2574 castra
1201 2499 1489 2575 hostium
1507 2502 1811 2575 tendunt.
1829 2506 2194 2585 Caeterum,
2221 2526 2227 2533 ·

241 2603 591 2701 postquam
606 2604 698 2675 ibi
714 2628 927 2703 neque
944 2601 1255 2674 stationes
1244 2608 1397 2770 (pro
1413 2601 1776 2699 portis,nec
1794 2611 2199 2704 quemquam

242 2704 316 2776 in
337 2703 517 2773 vallo
539 2755 559 2784 ,
588 2726 715 2774 nec
750 2699 1087 2774 fremitum
1111 2725 1241 2773 con
1272 2723 1497 2772 uerum
1515 2700 1875 2773 castrorum
1894 2701 2194 2773 animad-

246 2824 615 2887 verterunt3
632 2799 898 2873 insolito
919 2800 1176 2873 silentio
1194 2801 1386 2883 moti,
1404 2821 1586 2872 metu
1600 2799 1969 2873 insidiarum
1989 2798 2196 2872 subfi-

247 2901 450 2974 stunt.
472 2897 847 3002 transgreffi
888 2901 1127 2973 deinde
1164 2900 1445 2980 vallum,
1476 2924 1681 2998 quum
1698 2895 1951 2973 deserta
1964 2900 2192 2972 omnia

245 2997 636 3076 invenissent
654 3051 677 3085 ,
711 3022 997 3102 pergunt
1029 2996 1287 3072 hostem
1311 2996 1598 3099 vestigiis
1618 2995 1835 3099 sequi:
1869 2997 1978 3072 sed
2000 2999 2195 3073 vesti-

243 3104 355 3201 gia
375 3103 443 3172 in
457 3124 690 3173 omnes
706 3125 891 3201 aeque
910 3096 1185 3173 ferentia
1204 3119 1419 3198 partes
1442 3144 1465 3180 ,
1491 3100 1644 3171 utin
1658 3098 1915 3198 dilapsis
1937 3095 2193 3197 paffim.

244 3200 465 3301 primo
476 3192 772 3271 errorem
790 3196 1152 3289 faciebant;
1181 3195 1331 3296 post
1350 3255 1371 3284 ‚
1393 3223 1511 3298 per
1522 3200 1982 3296 exploratores
1998 3223 2193 3271 com-

246 3300 455 3399 pertis
477 3297 760 3371 hostium
798 3299 1083 3372 consiliis
1105 3343 1127 3377 ‚
1167 3298 1249 3371 ad
1289 3297 1570 3400 (iugulas
1604 3299 1799 3371 urbes
1835 3291 2191 3373 circumfe-

250 3399 466 3472 rendo
499 3396 684 3467 bello
700 3442 724 3491 ².
767 3423 965 3471 unum
994 3409 1055 3475 &
1101 3399 1532 3500 quadraginta
1572 3401 1817 3498 oppida
1848 3401 2020 3472 intra
2047 3396 2194 3471 dies

248 3495 728 3595 quinquaginta
761 3500 986 3568 omnia
1018 3499 1471 3599 oppugnando
1509 3506 1826 3597 ceperunt
1854 3528 1874 3571 ε
1906 3523 2193 3601 quorum

250 3599 570 3697 pleraque
591 3594 807 3666 diruta
825 3641 847 3677 ‚
883 3618 1078 3695 atque
1098 3595 1360 3670 incensa
1379 3644 1402 3679 ‚
1442 3607 1822 3698 nomenque
1840 3604 2197 3698 AEquorum

247 3720 467 3797 prope
487 3694 569 3768 ad
585 3695 1112 3770 internecionem
1124 3697 1447 3776 deletum.
1466 3699 1583 3776 De
1599 3696 1821 3797 AEquis
1838 3697 2206 3794 triumpha-

2039 3817 2211 3881 tum,
