2593 4366
914 89 1331 162 L-tnssn
1424 88 1581 159 111.
2013 111 2016 118 ⁴
2112 110 2241 161 zor

247 193 406 265 lum
422 187 688 264 bellum
713 206 998 285 gereret.
1045 191 1279 283 Itaque
1300 189 1479 284 AEqui
1502 188 1584 257 ab
1613 184 1956 258 Ecetrinis
1969 184 2239 259 Volscis

253 288 635 390 praesidium
670 285 944 383 petiere.
994 309 1129 384 quo
1173 286 1403 382 cupide
1436 286 1670 356 oblato
1713 287 1920 372 (adeo
1944 286 2245 357 civitates

258 392 373 463 hae
398 409 723 486 perpetuo
758 384 823 453 in
845 387 1192 455 Romanos
1216 385 1378 456 odio
1403 392 1769 477 certavere)
1793 386 2042 455 bellum
2073 382 2247 456 sum-

267 487 472 563 mavi
495 482 861 584 parabatur.
911 484 1213 555 Sentiunt
1251 473 1562 566 Hernici,
1597 492 1659 557 &
1698 484 2060 581 praedicunt
2101 487 2251 559 Ro-

272 587 527 662 manis,
553 587 954 655 Ecetranum
977 580 1056 653 ad
1087 588 1329 681 AEquos
1349 578 1627 653 descisse.
1662 580 1947 680 suspecta
1967 593 2033 657 δι
2058 585 2251 654 colo-

279 689 394 761 nia
414 687 687 755 Antium
706 668 856 765 fuid
868 682 1049 779 quod
1070 707 1307 808 magna
1330 681 1427 750 vis
1455 680 1794 752 hominum
1810 683 1961 754 inde
1982 730 2004 763 ‚
2037 708 2246 784 quum

280 784 599 882 oppidum
621 781 889 878 captum
909 776 1094 863 ess'et,
1117 775 1510 878 confugisset
1532 781 1609 850 ad
1629 784 1892 878 AEquos.
1920 779 2101 882 isque
2120 784 2249 854 mi·

283 888 375 956 les
394 908 506 981 per
526 882 783 953 bellum
804 868 1140 976 AEquicum
1160 882 1264 951 vel
1289 879 1640 952 acerrimus
1667 877 1810 950 fuit.
1860 879 2245 979 compulsis

284 983 511 1055 deinde
531 983 602 1050 in
622 978 869 1114 oppd'da
888 979 1130 1078 AEquir»,
1146 1003 1226 1049 ea
1246 979 1603 1050 multitudo
1617 975 1859 1075 dilapsa
1872 1005 2071 1078 quum
2103 987 2248 1053 An-

286 1083 436 1153 tium
457 1077 673 1151 rediff
703 1098 769 1158 t,
788 1073 894 1146 sua
916 1074 1147 1173 sponte
1172 1082 1304 1168 jam
1336 1076 1580 1150 infidos
1618 1080 1902 1149 colonos
1923 1080 2246 1150 Romanis

281 1104 704 1252 abalienavit?
751 1179 904 1249 Nec
938 1177 1094 1247 dum
1117 1200 1370 1248 matura
1407 1202 1517 1258 re,
1554 1203 1758 1276 quum
1803 1172 2248 1260 defefflonem

279 1281 490 1378 parari
510 1279 801 1350 delatum
837 1273 918 1344 ad
956 1272 1246 1346 senatum
1274 1272 1433 1346 esset
1455 1321 1478 1357 ‚
1514 1277 1740 1349 datum
1779 1276 2120 1376 negotium
2152 1273 2251 1347 est

278 1373 1183 1471 consulibus,ut>principibus
1207 1376 1485 1446 coloniae
1505 1378 1794 1454 Romam
1807 1375 2256 1473 ·excitis,quae-

289 1499 536 1561 terent,
565 1488 598 1522 ⁸
623 1474 938 1572 quidnam
963 1474 1055 1545 rei
1074 1470 1250 1544 esset.
1283 1473 1397 1572 qui
1418 1500 1620 1572 quum
1641 1474 1812 1545 haud
1833 1496 2102 1573 gravate
2134 1498 2254 1545 ve-

290 1573 550 1655 niffent‚
567 1573 933 1654 introducti
949 1572 984 1642 ὲ
1007 1569 1376 1644 consulibus
1398 1575 1476 1644 ad
1507 1570 1798 1652 senatum
1814 1622 1837 1658 ‚
1858 1579 1949 1646 ita
1984 1570 2256 1670 respon-

284 1675 519 1747 derunt
541 1675 622 1744 ad
646 1671 1154 1769 interrogatagut
1173 1671 1382 1770 magis
1407 1667 1888 1772 suspectiquam
1910 1694 2251 1754 venerant,

294 1775 810 1844 dimitterentur.
827 1772 1249 1842 Belluminde
1272 1771 1438 1842 haud
1458 1771 1726 1844 dubium
1748 1771 1992 1842 haberi.
2013 1774 2257 1869 Spfu-

292 1874 442 1952 rius»,
459 1866 806 1943 consulum
828 1869 991 1939 alter
1018 1918 1037 1952 ,
1055 1872 1250 1941 cuiea
1273 1870 1612 1966 provincia
1638 1892 1985 1956 evenerat,
2027 1867 2257 1967 profe-

297 1974 433 2042 &us
453 1973 523 2040 in
541 1974 814 2067 AEquOS‚
840 1971 1281 2039 Hernicorum
1296 1970 1362 2040 in
1388 1994 1548 2067 agro
1569 1971 2101 2067 populabundum
2128 1970 2256 2040 ho-

296 2069 455 2141 stem
492 2068 786 2140 invenit:
828 2062 1214 2167 ignarusque
1252 2068 1727 2149 multitudini3‚
1757 2071 1909 2167 quia
1937 2065 2252 2165 nusquam

296 2165 593 2242 universa
633 2162 983 2264 conspecta
1002 2162 1252 2248 fuerat,
1283 2167 1600 2268 imparem
1639 2170 1843 2266 copiis
1884 2171 2251 2241 exercitum

297 2281 570 2341 temere'
594 2289 826 2365 pugnae
864 2258 1215 2337 commisit.
1252 2269 1464 2361 primo
1500 2264 1815 2339 concursu
1852 2263 2066 2362 pulsus
2086 2264 2148 2338 se
2187 2270 2257 2339 in

299 2370 497 2440 castra
531 2366 808 2462 recepit.
846 2389 1062 2464 neque
1105 2368 1155 2435 is
1179 2363 1326 2436 finis
1356 2368 1626 2463 periculi
1671 2363 1828 2443 fuit,
1868 2389 2150 2463 namque
2184 2377 2256 2441 δε

299 2468 602 2563 proxima
636 2466 832 2536 noste
867 2472 932 2538 δι
962 2462 1227 2559 postero
1263 2461 1368 2536 die
1410 2487 1589 2535 tanta
1622 2465 1687 2533 vi
1713 2463 1915 2533 castra
1950 2461 2090 2534 sunt
2127 2465 2258 2534 cir-

308 2561 616 2637 cumseffa
635 2586 832 2661 atque
853 2585 1230 2661 oppugnata
1251 2609 1271 2643 ,
1292 2587 1359 2645 ut
1394 2590 1475 2634 ne
1498 2563 1769 2634 nuncius
1806 2562 2071 2659 quidem
2101 2563 2255 2636 iude

303 2664 485 2736 mitti.
515 2666 807 2735 Romam
840 2661 1071 2757 posset.
1123 2637 1397 2732 Hernici
1433 2673 1496 2738 ἃ
1537 2663 1705 2733 male
1749 2683 2151 2763 pugnatum,
2185 2672 2255 2736 δι
2336 2717 2345 2725 .

302 2759 639 2835 consulem
676 2761 1170 2857 exercitumque
1212 2759 1534 2843 obsideri,
1570 2764 2060 2831 nunciaverunt.
2112 2782 2259 2832 tan-

300 2883 573 2958 tumque
592 2882 915 2930 terrorem
937 2855 1246 2930 incuss'ere
1269 2862 1567 2931 Patribus
1584 2915 1602 2943 ‚
1634 2882 1701 2929 ut
1725 2862 1903 2958 (quae
1924 2855 2133 2931 forma
2159 2860 2259 2932 se-

302 2958 768 3031 natusconsulti
785 2951 1028 3029 ultimae
1052 2953 1305 3055 semper
1325 2960 1718 3032 neceffitatis
1740 2959 1958 3030 habita
1979 2959 2099 3042 est)
2121 2968 2258 3032 Po·-

300 3058 538 3129 stumio
555 3057 741 3127 alteri
775 3054 1111 3127 consulum
1152 3059 1492 3154 negotium
1533 3060 1831 3138 daretur,
1872 3060 2146 3131 Videret
2175 3084 2258 3131 ue

306 3160 460 3257 quid
480 3153 759 3253 respubl.
777 3155 1152 3225 detrimenti
1175 3182 1461 3250 caperet.
1514 3154 1728 3254 Ipsum
1750 3155 2083 3229 consulem
2106 3160 2259 3229 Ro-

304 3283 423 3331 mae
471 3279 739 3331 manere
778 3253 857 3326 ad
899 3251 1412 3333 conscribendos
1449 3282 1680 3345 omnes
1715 3257 1827 3355 qui
1860 3282 2037 3327 arma
2085 3253 2255 3330 ferre

1978 3353 2258 3454 poss'ent,

1310 3493 1402 3547 duo
1418 3497 1524 3548 Pall.
1557 3499 1709 3548 Helm.
1746 3501 1852 3567 quid
1879 3502 1942 3546 m'
1966 3500 2079 3562 effer.
2114 3506 2173 3551 Vt
2200 3506 2253 3555 δι

495 3568 539 3613 G
579 3577 616 3612 n
657 3578 691 3612 o
732 3575 769 3611 »1
797 3579 830 3610 o
868 3579 898 3615 ν
939 3579 958 3613 1
1003 3577 1043 3615 10
1314 3565 1737 3630 Campanuscdidit.
1772 3570 1859 3615 Pal.
1893 3572 2075 3625 tertius,
2105 3574 2256 3638 quim·

1313 3636 1455 3694 effint.
1493 3631 1673 3689 Videtur
1687 3631 1970 3689 scribendum
1984 3656 1996 3685 ε
2015 3642 2115 3707 quid
2130 3642 2177 3687 id
2191 3639 2255 3688 ni

358 3708 392 3759 ,ἱ
431 3699 671 3774 Qidnam
693 3699 757 3759 τυ·
777 3698 931 3768 effic-J
985 3698 1119 3767 Bofib.
1137 3697 1256 3760 flor.
1311 3705 1424 3781 effes.
1644 3774 1692 3825 N
1721 3787 1742 3844 Σ
2066 3771 2100 3831 b
2126 3734 2253 3823 mk,
