2593 4366
366 123 514 205 410
1044 93 1147 174 T.
1242 103 1304 174 L
1356 125 1389 174 1
1440 124 1485 174 v
1535 121 1567 175 1
1615 115 1656 167 ιἸ

368 205 583 281 Veios
606 201 684 276 ad
704 198 1195 275 confirmandos
1218 200 1503 273 militum
1520 201 1774 272 animos
1790 200 2203 277 intercuti-itt
2229 204 2363 279 ini

365 308 456 379 de
497 308 789 375 Romam
829 303 907 374 ad
952 298 1364 373 scribendum
1399 323 1647 371 novum
1704 303 2061 374 exercitum
2124 307 2333 392 redit3

374 405 562 477 nullo
592 404 1001 475 detrestante
1035 401 1366 471 militiam.
1414 402 1764 499 Peregrina
1799 403 1996 473 etiam
2025 407 2332 494 juventus

373 504 596 576 Latini
616 502 1044 597 Hernicique,
1064 524 1337 596 operam
1358 496 1532 570 suam
1553 501 1973 597 pollicenteS‚
1996 501 2073 571 ad
2108 504 2175 576 id
2193 505 2336 577 bel·

374 603 512 673 lum
533 626 813 672 venere:
849 600 1086 699 quibus
1118 625 1320 697 quum
1350 600 1589 698 gratias
1624 600 1690 669 in
1722 596 1945 672 senatu
1984 600 2218 701 egisset
2234 604 2339 675 di-

376 697 802 780 &ator-‚satis
838 702 968 791 jam
1007 700 1314 769 omnibus
1350 700 1428 769 ad
1455 697 1518 768 id
1555 698 1803 769 bellum
1824 703 2106 797 paratis,
2141 704 2336 775 ludos

379 821 661 898 magnos
696 826 778 871 ex
799 794 1357 870 senatusconsulto
1392 797 1575 870 vovit
1596 797 1785 871 Veiis
1805 803 2010 895 captis
2031 797 2094 871 se
2126 798 2337 874 faetu-

368 923 556 985 rum:
590 899 930 999 aedemque
951 902 1222 972 Matuta:
1261 897 1488 969 matris
1521 892 1828 968 refestam
1855 898 2340 989 dedicaturumss

360 999 490 1094 jam
511 997 661 1069 ante
683 997 765 1067 ab
781 996 1408 1097 regeServioTullio
1428 993 2169 1071 dedicatam.Profe6tus
2186 1027 2351 1075 cum*

310 1095 322 1107 ’
370 1099 664 1170 exercitu
683 1097 764 1168 ab
797 1098 956 1168 urbe
978 1092 1463 1193 exspecstatione
1488 1095 1830 1167 hominum
1851 1098 2101 1189 majore
2129 1124 2339 1196 quam

369 1194 591 1293 spe,in
625 1222 786 1298 agro
807 1197 1085 1293 primum
1109 1192 1447 1291 Nepesino
1474 1221 1625 1268 cum
1655 1191 1913 1268 Faliscis
1943 1204 2005 1269 δι
2028 1198 2347 1293 Capena..-

375 1297 550 1367 tibus
573 1296 749 1396 ligna
768 1291 1055 1366 confert.
1109 1295 1362 1366 Omnia
1381 1294 1473 1364 ibi
1494 1291 2007 1366 summaratione
2028 1295 2339 1367 confilio-

374 1420 507 1494 que
533 1398 676 1467 πᾶα
695 1453 714 1479 ,
741 1392 1001 1466 fortuna
1036 1394 1237 1465 etiam
1265 1442 1283 1470 ,
1317 1416 1389 1464 ut
1408 1392 1484 1465 fit
1507 1439 1527 1474 ‚
1557 1390 1772 1464 secuta
1791 1392 1911 1467 est.
1952 1420 2086 1465 non
2106 1397 2343 1492 praelio

375 1514 632 1565 tantum
654 1492 818 1568 fudit
837 1491 1058 1565 hostes
1075 1542 1099 1577 ,
1135 1490 1246 1566 sed
1269 1492 1491 1564 castris
1511 1518 1781 1593 quoque
1810 1495 1986 1565 exuit
2003 1543 2025 1579 ,
2052 1495 2343 1593 ingenti-

294 1664 300 1674 ,
374 1617 506 1692 que
528 1595 742 1691 praeda
760 1593 856 1666 est
876 1593 1148 1689 potitus:
1176 1595 1357 1685 cujus
1376 1619 1520 1690 pars
1541 1597 1823 1663 maxima
1841 1594 1920 1664 ad
1941 1593 2338 1692 quaestorem

377 1694 639 1764 redaeta
677 1691 815 1764 est:
865 1693 1037 1763 haud
1074 1694 1164 1762 ita
1200 1695 1478 1764 multum
1525 1692 1719 1762 militi
1757 1692 2002 1763 datum.
2058 1695 2219 1765 Inde
2254 1694 2335 1766 ad.

308 1862 318 1872 ,
375 1791 585 1862 Veios
601 1794 926 1864 exercitus
954 1792 1214 1875 ἀυᾶυε,
1233 1790 1664 1890 densioraque
1683 1789 1945 1863 castella
1964 1788 2133 1863 fasta
2155 1821 2172 1863 t
2196 1803 2261 1868 δι
2291 1793 2331 1864 ὲ

375 1886 974 1988 procursationibus
1000 1935 1022 1971 ‚
1059 1917 1205 1988 quae
1225 1893 1447 1962 multae
1482 1889 1737 1966 temere
1777 1891 1950 1961 inter
1966 1917 2223 1963 murum
2257 1917 2337 1964 ac

373 1991 620 2060 vallum
644 1987 916 2068 fiebant,
935 1990 1271 2071 edietome
1294 1990 1439 2087 quis
1456 1986 1684 2084 injuffu
1706 2011 2052 2089 pugnaret,
2069 1992 2150 2062 ad
2167 2014 2334 2088 opus

376 2089 619 2160 milites
641 2089 946 2160 tradu6ti.
964 2091 1266 2189 Operum
1290 2087 1408 2160 fuit
1426 2093 1723 2160 omnium
1745 2090 1947 2190 longe
1972 2091 2332 2164 maximum

376 2214 452 2259 ac
472 2188 1064 2269 laboriofiffimum‚
1083 2191 1419 2261 cuniculus
1436 2192 1501 2260 in
1516 2212 1731 2262 arcem
1752 2190 2036 2262 hostium
2058 2191 2160 2289 agi
2183 2217 2334 2267 (αε-

177 2288 188 2298 “
269 2320 276 2333 ¹
345 2311 552 2385 ptus.
590 2290 771 2388 quod
791 2314 871 2361 ne
893 2289 1440 2361 intermitteretur
1460 2315 1625 2387 opus
1643 2336 1662 2370 ‚
1697 2315 1823 2362 neu
1842 2288 1954 2360 sub
1971 2310 2141 2360 terra
2163 2315 2331 2360 con·

373 2389 594 2459 tinuus
635 2389 823 2459 labor
841 2384 1110 2462 eosdem
1131 2387 1526 2469 conficeret,
1567 2392 1631 2460 in
1653 2413 1870 2487 partes
1908 2387 2013 2461 sex
2037 2389 2335 2459 munito-

375 2512 518 2557 rum
539 2512 878 2559 numerum
898 2487 1109 2559 divisit
1130 2516 1148 2557 ε
1194 2487 1357 2561 senae
1376 2491 1552 2560 horae
1586 2491 1652 2559 in
1678 2490 1911 2561 orbem
1935 2489 2120 2586 operi
2143 2490 2336 2562 attri-

373 2585 548 2657 butae
565 2583 707 2658 sunt
728 2616 744 2657 t
766 2589 961 2658 noste
978 2612 1051 2658 ac
1072 2588 1175 2659 die
1198 2615 1557 2687 numquam
1582 2611 1732 2660 ante
1761 2583 2059 2660 omissum
2081 2634 2100 2667 ,
2125 2612 2327 2687 quam

263 2685 439 2769 zoin
459 2711 674 2756 arcem
697 2689 865 2756 viam
886 2683 1198 2758 facerent.
1234 2690 1557 2758 Difiator
1569 2714 1768 2786 quum
1789 2690 1920 2779 jam
1939 2689 2004 2757 in
2028 2686 2331 2759 manibus

372 2784 624 2856 videret
641 2786 983 2857 vifioriam
1004 2782 1154 2869 effe,
1177 2788 1406 2857 urbem
1423 2785 1979 2883 opulentiffimam
2003 2786 2332 2880 capi,tan-

368 2900 646 2981 tumque
683 2886 910 2982 praedae
950 2881 1094 2955 fore
1140 2907 1455 2982 quantum
1500 2910 1635 2954 non
1675 2882 1981 2953 omnibus
2018 2882 2083 2950 in
2122 2907 2325 2955 unum

370 2985 634 3053 collatis
674 2985 823 3053 ante
866 2984 1055 3052 bellis
1076 2978 1316 3061 sufflet,
1358 3008 1439 3053 ne
1475 3007 1669 3079 quam
1711 2979 1862 3050 inde
1899 3000 2007 3048 aut
2039 2979 2323 3051 militum

370 3080 532 3151 iram
568 3107 647 3152 ex
675 3083 1082 3178 malignitate
1103 3083 1332 3176 praetloe
1350 3083 1642 3177 partim,
1679 3100 1786 3148 aut
1807 3077 2118 3148 invidiam
2154 3078 2329 3175 apud

368 3188 597 3254 Patres
615 3207 693 3252 ex
718 3182 990 3300 ffrodiga
1008 3180 1354 3275 largitione
1373 3201 1634 3276 caperet
1651 3225 1672 3257 ,
1690 3179 1909 3247 literas
1931 3178 2008 3248 ad
2030 3174 2327 3251 senatum

372 3278 564 3352 milit.
615 3294 803 3351 Deum
820 3282 1225 3348 immortalium
1243 3279 1608 3371 benignitate,
1618 3276 1731 3373 suis
1749 3276 1990 3374 consiliis,
2007 3278 2077 3354 ἐφ
2094 3280 2329 3370 patien-

370 3380 459 3447 tia
478 3381 748 3463 miiitum,
770 3381 918 3449 Veios
934 3378 1065 3474 jam
1083 3374 1213 3468 fore
1249 3375 1583 3472 inpotestate
1609 3379 1788 3472 populi
1813 3380 2068 3447 Romani.
2105 3378 2327 3466 quidde

366 3477 884 3569 pradafaeciendum
904 3475 1184 3572 censerent
1200 3486 1236 3549 ,θ
1260 3482 1425 3549 Dua:
1450 3475 1742 3549 senatum
1759 3476 2155 3549 distinebant
2179 3475 2323 3546 sen·

366 3578 628 3649 tentiae:
671 3577 834 3651 senis
866 3586 942 3651 Ρ.
967 3578 1224 3658 Licinii,
1243 3602 1440 3677 quem
1463 3578 1745 3675 primum
1770 3575 1983 3649 dixisse
2004 3576 2036 3646 a
2061 3574 2201 3647 filio
2222 3576 2324 3644 in-

363 3680 783 3776 ‘tcrrogatum
802 3674 1045 3762 ferunt,
1060 3677 1231 3752 edici
1261 3679 1479 3782 palam
1517 3678 1778 3779 placere
1795 3679 2079 3777 populo,
2114 3695 2184 3744 ut
2209 3672 2328 3784 qui

363 3814 381 3826 .
461 3808 480 3819 .-
2116 3793 2324 3872 paru-
