2593 4366
376 166 529 316 '1723
546 238 956 337 dicijufl‘urus
991 237 1218 312 fuerat.
1254 259 1398 311 tum
1432 233 1774 334 extemplo
1802 230 1874 306 iu
1905 235 2258 312 Etruriam
2272 236 2371 314 ad

381 347 683 443 legiones
732 336 1055 441 proficisci
1093 333 1299 432 juffit.
1364 337 1716 410 Adventus
1767 336 1910 429 ejus
1960 332 2371 436 compreffit

381 439 702 517 Etruscos
728 492 750 527 ,
773 442 939 514 adeo
960 462 1030 511 ut
1052 463 1254 511 nemo
1276 455 1463 510 extra
1480 435 1893 507 munimenta
1906 439 2148 538 egredi
2169 441 2385 512 aude-

383 562 486 612 ret
504 587 526 622 ,
549 537 1188 639 timorqueipsorum
1215 536 1545 609 obfidioni
1567 534 1791 607 similis
1812 533 1992 607 effet.
2023 562 2268 637 neque
2291 540 2380 610 il-

381 643 486 711 los
538 666 752 712 novus
799 635 1032 712 consul
1085 637 1408 710 vastandis
1452 634 1623 734 agris
1656 630 2055 733 urendisque
2104 640 2323 710 tefikis
2342 685 2374 723 ‚

382 767 583 840 quum
603 730 829 838 paffim
852 764 989 810 non
1025 738 1199 810 villae
1232 731 1443 808 solum
1463 779 1487 814 ‚
1522 728 1631 806 sed
1660 729 2049 830 frequentes
2073 763 2370 838 quoque

383 841 511 911 vici
550 840 866 911 incendiis
911 834 1237 909 fumarent
1252 882 1275 917 ,
1317 836 1557 909 elicere
1595 833 1674 903 ad
1715 854 2074 906 certamen
2109 839 2371 934 potuit.

382 943 610 1035 Qum
633 938 763 1010 hoc
779 936 1035 1039 segnius
1055 937 1306 1008 bellum
1329 935 1645 1032 opinione
1662 931 1837 1030 esset,
1860 935 2146 1007 alterius
2171 936 2366 1023 belli,

379 1037 560 1135 quod
580 1038 803 1109 multis
823 1038 1110 1109 invicem
1132 1035 1428 1109 cladibus
1465 1033 1637 1104 haud
1674 1032 2018 1106 immerito
2047 1037 2365 1110 terribile

378 1148 520 1208 e'rat
542 1182 564 1216 ‚
594 1134 766 1207 fama
788 1136 1155 1209 Picentium
1180 1158 1508 1208 novorum
1531 1128 1863 1206 sociorum
1883 1131 2131 1205 indicio
2145 1160 2361 1206 exor-

380 1259 448 1307 ta
465 1235 596 1308 est:
631 1238 954 1308 Samnites
995 1244 1261 1309 arma&
1288 1233 1726 1305 rebellionem
1764 1227 2094 1330 speflare‚
2130 1229 2342 1331 seque

380 1335 556 1405 abiis
581 1331 941 1406 solicitatos
965 1330 1115 1407 effe.
1168 1335 1548 1407 Picentibus
1566 1332 1794 1432 gratiae
1808 1334 2338 1431 a&ae,&magna

378 1461 526 1533 pars
545 1460 711 1507 curae
732 1437 1031 1508 Patribus
1052 1433 1133 1505 ab
1151 1433 1414 1505 Etruria
1429 1433 1497 1503 in
1515 1432 1841 1505 Samnites
1861 1429 2046 1503 versa
2060 1429 2173 1504 est.
2196 1435 2341 1503 Ca-

381 1536 537 1605 ritas
575 1536 772 1608 etiam
806 1561 1081 1607 annonae
1117 1531 1440 1605 solicitam
1484 1532 1823 1603 civitatem
1859 1530 2090 1602 habuit
2115 1559 2135 1602 ι
2175 1555 2334 1603 ven-

382 1655 656 1736 tumque
678 1636 757 1705 ad
776 1635 1013 1732 inopiae
1047 1635 1351 1705 ultimum
1387 1628 1562 1702 foret
1582 1675 1604 1711 ‚
1641 1652 1712 1703 ut
1735 1626 2052 1729 scripsere
2088 1632 2333 1731 quibus

379 1735 636 1805 aedilem
654 1729 835 1805 fuiffe
855 1761 939 1805 eo
960 1760 1134 1805 anno
1156 1733 1429 1804 Fabium
1453 1730 1817 1810 Maximum
1834 1732 2051 1828 placet
2070 1776 2090 1809 ‚
2110 1731 2179 1801 ni
2192 1734 2333 1825 ejus

374 1834 493 1902 viri
515 1858 667 1904 cura
688 1880 709 1913 ‚
737 1834 951 1931 qualis
983 1834 1050 1904 in
1072 1834 1327 1906 bellicis
1367 1830 1561 1902 rebus
1585 1830 1808 1901 multis
1831 1830 2334 1927 tempestatibus

376 1926 613 2014 fiserat,
631 1932 778 2001 ralis
800 1933 984 2002 domi
1005 1954 1145 2002 tum
1165 1932 1233 2001 in
1251 1953 1526 2002 annonae
1546 1926 2026 2025 dispensatione
2040 1980 2061 2014 ,
2083 1953 2335 2028 praepa-

377 2029 585 2098 rando
608 2054 681 2099 ac
702 2030 1139 2102 convehendo
1159 2025 1527 2113 frumentO,
1550 2023 1782 2100 fuisset.
1833 2030 1936 2101 Eo
1959 2054 2137 2101 anno
2160 2037 2330 2121 (nec

374 2126 651 2200 traditur
679 2125 928 2212 cauffa)
964 2130 1420 2228 interregnum
1458 2128 1730 2201 initum*
1755 2129 2116 2228 interreges
2138 2125 2327 2202 fuere

373 2228 633 2324 Appius
645 2229 970 2301 Claudius
995 2275 1015 2308 ‚
1052 2229 1203 2301 dein
1222 2239 1295 2303 P.
1319 2229 1672 2325 Sulpicius.
1715 2234 1775 2299 Is
1795 2228 2058 2300 comitia
2074 2226 2327 2301 consu-

372 2327 531 2397 laria
549 2327 800 2399 habuit.
819 2330 1066 2400 creavit
1089 2334 1170 2401 L.
1192 2330 1587 2402 Cornelium
1608 2328 2004 2427 Scipionem,
2021 2329 2320 2399 Capul-

375 2427 553 2498 vium
589 2425 911 2500 consules.
953 2428 1288 2527 Principio
1321 2428 1511 2521 hujus
1543 2430 1694 2499 anni
1718 2442 1746 2475 ⁰
1773 2449 2070 2499 oratores
2101 2432 2322 2499 Luca·

373 2550 615 2596 norum
637 2528 713 2597 ad
735 2552 951 2598 novos
972 2526 1273 2601 consules
1288 2549 1632 2605 venerunt.
1655 2525 1961 2627 questum
1980 2573 2003 2608 ‚
2025 2531 2164 2620 quia
2190 2550 2330 2598 cou-

373 2625 667 2694 ditionibus
677 2628 940 2717 pellicere
959 2625 1026 2722 J}
1052 2630 1417 2719 nequiverint
1427 2627 1507 2696 ad
1507 2624 1842 2722 ficietatem
1850 2650 2172 2711 amm,
2212 2641 2330 2696 Sa·

372 2728 581 2792 mnites
598 2721 788 2817 infesto
817 2731 1073 2795 exercitu
1101 2729 1356 2823 ingrtffln
1370 2726 1515 2821 fines
1535 2727 1664 2823 suos
1698 2724 1920 2820 vastare
1933 2782 1956 2811 ‚
1992 2727 2232 2819 belloque
2245 2727 2325 2797 ad

370 2821 569 2891 bellum
582 2847 800 2915 cogere.
853 2838 1077 2893 Lucano
1085 2826 1425 2922 populosam
1444 2825 1719 2921 superque
1731 2847 1996 2897 erratum
2010 2828 2320 2919 quadam.-

369 2943 517 2989 nunc
528 2924 618 2991 ita
633 2921 923 3016 olfiinatos
945 2927 1133 2993 animo
1148 2925 1246 3020 effe
1260 2970 1282 3004 ‚
1314 2942 1379 2994 ut
1392 2929 1584 2995 onmia
1584 2923 1746 3017 ferre
1756 2947 1826 2994 ac
1837 2930 1967 3019 pari
1982 2928 2320 2996 tolerabilia

366 3019 599 3105 ducant,
624 3045 798 3113 quam
816 3042 885 3092 ur
896 3043 1144 3115 unquam
1155 3020 1342 3117 postea
1355 3047 1555 3094 nomen
1575 3038 1887 3096 Romanum
1904 3028 2140 3097 violent.
2165 3038 2317 3095 Ora·

369 3141 431 3186 re
448 3133 650 3190 Patres
671 3178 687 3203 ,
708 3140 774 3189 ut
786 3125 860 3196 (γ’
881 3135 1131 3191 Lucanos
1143 3123 1392 3218 infidem
1406 3127 1688 3217 accipiant
1705 3181 1723 3207 ‚
1743 3125 1821 3202 ά
1838 3128 1959 3195 vim
1973 3146 2152 3216 atque
2165 3126 2320 3222 inju-

304 3300 307 3305 ⁴
364 3219 518 3289 riam
530 3220 602 3290 ab
620 3220 684 3316 se
702 3222 1051 3290 Samnitium
1075 3241 1330 3292 arceant.
1380 3233 1457 3290 Se
1486 3278 1505 3305 ,
1542 3246 1893 3315 quamquam
1913 3224 2048 3312 bello
2062 3248 2195 3294 cum
2216 3236 2329 3292 Sa-

366 3321 634 3389 mnitibus
657 3318 903 3415 fiescepto
933 3321 1232 3416 neceffaria
1256 3323 1391 3419 jam
1412 3318 1575 3412 faita
1609 3321 1875 3417 adversus
1897 3323 2321 3418 Romanosfides

277 3442 348 3490 12
350 3416 464 3511 fit,
504 3437 703 3488 tamen
716 3416 911 3514 obfides
943 3419 1084 3488 dare
1112 3439 1343 3512 paratos
1375 3422 1494 3516 effe.
1543 3422 1775 3494 Brevis
1800 3420 2196 3494 consultatio
2213 3417 2320 3493 se-

1847 3548 1850 3551 ·
2121 3543 2319 3593 natus

1354 3641 1671 3695 Halicamass'ei
1712 3630 1963 3711 chambo*
2005 3636 2126 3705 aa&
2149 3655 2312 3710 σι’ςεσῆ

1354 3705 1493 3770 Cam
1507 3712 1702 3764 tertiam.

419 3655 446 3686 c
479 3645 675 3690 Oratores
686 3644 1009 3703 Lucanorum]
1036 3644 1107 3690 De
1124 3640 1289 3690 hacle-

351 3708 537 3766 garlone
572 3710 855 3756 Lucanorum
883 3713 1084 3759 Romam
1106 3714 1157 3760 &
1188 3713 1287 3760 Ro-

351 3785 598 3825 nranorum
608 3773 667 3823 ad
693 3778 914 3825 Samnites
937 3773 1041 3828 vide
1071 3775 1284 3842 Dionylii

2111 3859 2141 3902 c
2167 3849 2320 3898 Exer-
