2593 4366
407 164 552 240 4¹2
1085 141 1183 212 'P-
1271 131 1339 210 L·
1384 159 1415 210 1
1464 162 1507 209 v
1562 160 1591 208 1
1641 158 1675 212 1

399 243 523 327 est,
548 243 623 316 ad
642 241 924 340 praedam
943 225 1305 315 Veientem
1328 282 1351 316 ,
1376 237 1611 336 quibus
1649 235 2014 319 videretur,
2048 238 2119 311 in
2151 239 2355 326 castra

401 344 484 418 ad
503 345 899 423 diffatorem
913 334 1507 437 proficiscerentur.
1553 343 1796 435 Ingens
1814 335 2113 434 profeeim
2129 346 2353 416 multi..

306 458 386 517 21
404 444 568 516 tudo
590 441 869 537 teplevit
890 438 1113 511 castra.
1164 439 1347 507 Tum
1367 434 1651 514 dictator
1679 432 2008 534 auspicato
2040 439 2351 537 egrelsus,

401 567 604 642 quum
623 534 916 611 edixisset
936 557 1007 609 ut
1029 560 1206 604 arma
1225 534 1466 605 milites
1488 556 1798 630 caperent
1815 590 1832 618 ,
1878 548 1992 604 Tuo
2008 537 2175 608 duda
2190 594 2209 620 ,
2244 543 2347 613 in..

359 695 362 706 ,
395 640 566 738 quit,
590 638 817 736 Pythice
838 637 1020 730 Apollo
1036 689 1055 716 ,
1080 653 1284 723 tuoque
1315 636 1541 701 numine
1571 631 1846 725 infimam
1858 652 2030 727 pergo
2059 638 2351 710 adacte„-

395 737 743 820 damurbem
762 738 912 808 Veios
933 760 951 801 .-
989 732 1201 825 tibique
1229 733 1357 801 hinc
1372 731 1650 800 decimam
1673 750 1900 823 partem
1929 737 2116 827 prede
2134 761 2355 826 „vonna

401 835 681 930 Teflmul,
702 847 839 903 Iuno
856 835 1091 926 Regina,
1112 853 1226 921 qua
1246 852 1391 898 nunc
1410 831 1559 901 Veios
1575 830 1706 902 colis
1718 875 1739 909 ,
1749 849 1964 922 precor,
1981 853 2154 911 urnas
2162 841 2346 916 πᾶσι

393 957 486 1004 res
501 936 562 1003 in
585 930 824 1028 nostram
842 953 1111 1023 tuamque
1126 954 1256 1000 mox
1258 925 1529 1019 futuram
1545 929 1975 1026 urbemsequare
1993 958 2013 1000 .·
2034 934 2128 1007 ubi
2148 955 2230 1018 te,
2247 939 2342 1005 di-

384 1054 569 1127 gnum
586 1031 957 1124 amplitudine
970 1050 1095 1114 tua,
1113 1029 1381 1121 templum
1400 1031 1670 1116 accipiar.
1720 1033 1882 1100 Haec
1905 1032 2276 1127 precatus,s
2265 1063 2342 1107 u-

390 1154 663 1228 perante
687 1129 1100 1202 multitudine
1122 1184 1141 1211 ‚
1171 1128 1254 1198 ab
1273 1127 1582 1200 omnibus
1605 1127 1766 1198 locis
1790 1128 2015 1200 urbem
2033 1134 2343 1240 aggredi-

390 1249 537 1314 tur,
563 1255 701 1330 quo
737 1229 952 1300 minor
985 1227 1067 1296 ab
1104 1226 1409 1297 cuniculo
1430 1227 1793 1324 ingruentis
1814 1229 2083 1323 periculi
2118 1230 2339 1306 lensus

390 1326 574 1406 effet.
607 1328 923 1404 Veientes
946 1325 1175 1425 ignari,
1195 1320 1407 1417 sejam
1431 1324 1514 1395 ab
1535 1322 1658 1400 suis
1682 1325 1958 1420 vatibus,
1973 1330 2103 1421 jam
2120 1328 2202 1399 ab
2219 1355 2341 1402 ex-

389 1428 596 1500 ternis
620 1426 898 1499 oraculis
923 1423 1219 1521 proditos
1235 1476 1255 1507 ,
1296 1424 1430 1518 jam
1464 1423 1532 1493 in
1550 1425 1814 1523 partem*
1832 1425 2062 1522 praedae
2082 1423 2203 1500 suae
2222 1454 2345 1501 vo-

394 1548 583 1609 catos
618 1531 808 1598 Deos
829 1570 851 1606 ,
877 1526 1041 1595 alios
1075 1522 1247 1594 votis
1278 1548 1360 1595 ex
1380 1521 1540 1594 urbe
1576 1520 1682 1595 sua
1710 1545 2024 1596 evocatos
2056 1525 2342 1602 hostium

394 1627 643 1722 templa
676 1621 997 1722 novasque
1016 1619 1199 1694 sedes
1233 1618 1558 1719 specstare,
1587 1619 1785 1722 seque
1813 1623 2116 1696 ultimum
2153 1627 2338 1704 illum

393 1725 570 1797 diem
602 1747 795 1822 agere
817 1751 837 1808 3
873 1721 1033 1792 nihil
1052 1723 1261 1793 minus
1286 1722 1621 1802 timentes,
1646 1749 1841 1820 quam
1861 1719 2140 1795 subrutis
2161 1729 2341 1814 cuni·-

392 1823 548 1902 culo
567 1820 898 1904 moenibus
923 1845 1139 1894 arcem
1166 1821 1298 1914 jam
1318 1821 1579 1916 plenam
1599 1817 1884 1896 hostium
1905 1818 2031 1902 effe
2051 1870 2073 1905 ,
2110 1826 2177 1901 in
2196 1852 2346 1898 mu-

388 1945 503 2004 ros
523 1947 646 2017 pro
663 1918 725 1992 se
747 1914 1015 2019 quisque
1031 1919 1261 1990 armati
1279 1915 1660 1992 discurrunt.
1694 1921 2004 2016 mirantes
2028 1926 2341 2028 quidnam

387 2018 456 2092 id
474 2016 630 2090 esset
645 2070 663 2100 ,
684 2017 865 2117 quod
882 2045 1084 2117 quum
1106 2039 1209 2088 tot
1233 2041 1351 2115 per
1367 2016 1505 2096 dies
1543 2043 1743 2089 nemo
1759 2015 1822 2093 se
1854 2021 1937 2091 ab
1958 2020 2337 2100 stationibus

392 2118 717 2205 Romanis
744 2113 1065 2201 movisset,
1088 2138 1228 2189 tum
1252 2117 1432 2189 velut
1454 2140 1521 2197 re
1571 2118 1798 2190 entino
1821 2119 1935 2204 isti,
1978 2115 2342 2202 furoreim-

391 2220 654 2316 providi
673 2240 1008 2299 currerent
1029 2217 1107 2288 ad
1131 2241 1380 2289 muros.
1432 2142 1743 2297 Inieritur
1760 2218 1907 2299 huic
1922 2222 2076 2292 loco
2098 2219 2336 2295 fabula:

389 2319 780 2395 immolante
800 2341 955 2418 rege
973 2315 1356 2391 Veientium
1379 2361 1401 2397 ,
1423 2341 1661 2388 vocem
1692 2314 1996 2415 aruspicis
2033 2321 2340 2403 dicentis,

387 2417 503 2517 qui
534 2418 671 2509 ejus
709 2414 941 2489 hostiae
984 2438 1135 2488 exta
1182 2410 1633 2513 prosecuiffet,
1680 2417 1743 2487 ei
1789 2419 2136 2492 vietoriam
2178 2422 2340 2505 dari,

386 2518 754 2589 exauditam
788 2516 854 2585 in
891 2516 1235 2597 cunicu10,
1268 2511 1536 2588 movisse
1572 2519 1920 2589 Romanos
1957 2519 2237 2600 milites,
2272 2542 2348 2593 ut

389 2616 706 2713 adaperto
720 2614 1026 2687 cuniculo
1047 2636 1199 2686 exta
1218 2635 1520 2711 raperent
1540 2657 1561 2695 ‚
1601 2624 1666 2691 &
1690 2616 1771 2688 ad
1791 2618 2180 2692 dietatorem
2206 2617 2344 2691 fer-

388 2737 559 2785 rent.
604 2716 731 2787 Sed
748 2716 812 2784 in
834 2714 1025 2785 rebus
1046 2733 1178 2784 tam
1195 2714 1502 2814 antiquis,
1522 2712 1591 2794 fi,
1609 2740 1750 2814 quae
1770 2714 1995 2787 similia
2016 2722 2154 2790 veri
2171 2716 2344 2803 sunt,

388 2838 514 2910 pro
539 2815 705 2884 veris
729 2814 1150 2910 accipiantur,
1175 2808 1323 2882 satis
1345 2812 1641 2885 habeam.
1668 2816 1830 2884 Haec
1852 2816 1928 2885 ad
1945 2814 2349 2889 ostentatio-

386 2937 540 2983 nem
558 2910 760 2984 scen'ae
780 2911 1120 3010 gaudentis
1144 2910 1467 2982 miraculis
1488 2911 1767 3006 aptiora,
1788 2937 1980 3007 quam
2000 2912 2081 2982 ad
2108 2913 2340 3000 fidem,

386 3036 602 3110 neque
637 3010 954 3082 affirmare
976 3055 997 3088 ,
1040 3032 1254 3105 neque
1292 3006 1592 3081 refellere
1635 3031 1852 3103 operae
1901 3009 2181 3104 pretium
2214 3012 2342 3090 est,

382 3111 742 3183 Cuniculus
766 3107 1039 3191 delectis
1058 3107 1372 3176 militibus
1392 3131 1475 3176 eo
1499 3125 1801 3207 tempore
1819 3106 2045 3204 plenus
2071 3155 2089 3187 ,
2110 3109 2177 3179 in
2197 3112 2342 3183 aede

382 3209 687 3304 Junonis‚
710 3231 851 3305 quae
881 3206 950 3275 in
977 3206 1344 3284 Veientana
1366 3229 1512 3281 arce
1531 3210 1670 3287 erat
1689 3256 1710 3285 ,
1745 3227 2031 3291 armatos
2063 3210 2347 3308 repente

383 3309 613 3380 edidit.
658 3315 723 3381 δι
759 3328 904 3402 pars
945 3299 1199 3374 aversos
1233 3306 1304 3392 in
1331 3303 1529 3375 muris
1558 3304 1875 3375 invadunt
1906 3306 2166 3395 hostes,
2238 3334 2341 3380 ars

385 3406 661 3479 claustra
685 3424 1018 3504 portatum
1041 3403 1400 3475 revellunt:
1439 3427 1611 3499 pars,
1629 3429 1831 3502 quum
1852 3430 1932 3476 ex
1969 3408 2160 3486 tectis
2191 3335 2346 3485 iam

383 3508 754 3606 tegulaeque
784 3503 821 3573 ὲ
840 3502 1216 3575 mulieribus
1257 3529 1330 3575 ac
1349 3499 1621 3573 servitiis
1638 3505 2031 3595 jacerentur,
2050 3503 2343 3579 inferunt

375 3605 591 3701 ignes.
642 3606 920 3681 Clamor
951 3602 1176 3681 omnia
1207 3604 1396 3675 variis
1421 3604 1807 3685 terrentium
1851 3629 1923 3696 ae
1959 3608 2344 3703 paventium·

374 3702 677 3785 vocibus,
701 3701 901 3787 mist-o
935 3704 1282 3787 mulierum
1322 3727 1393 3776 ac
1424 3725 1780 3811 puerorum
1806 3705 2116 3815 ploratu,
2152 3732 2347 3874 ‘osen'

923 3830 978 3849 ·-’-·
1315 3838 1321 3849 ·
2173 3831 2215 3905 p
2284 3826 2339 3875 t.

1972 3984 2001 4053 ’ἑ
