<?xml version="1.0" encoding="UTF-8"?>
<!DOCTYPE html PUBLIC "-//W3C//DTD XHTML 1.0 Transitional//EN"
    "http://www.w3.org/TR/xhtml1/DTD/xhtml1-transitional.dtd">
<html xmlns="http://www.w3.org/1999/xhtml" xml:lang="en" lang="en">
 <head>
  <title>
</title>
<meta http-equiv="Content-Type" content="text/html;charset=utf-8" />
  <meta name='ocr-system' content='tesseract 3.04.00' />
  <meta name='ocr-capabilities' content='ocr_page ocr_carea ocr_par ocr_line ocrx_word'/>
</head>
<body>
  <div class='ocr_page' id='page_1' title='image "./titiliviihistor00grongoog_0967.png"; bbox 0 0 2593 4366; ppageno 0'>
   <div class='ocr_carea' id='block_1_1' title="bbox 229 136 2312 3321">
    <p class='ocr_par' dir='ltr' id='par_1_1' title="bbox 229 136 2312 3321">
     <span class='ocr_line' id='line_1_1' title="bbox 943 136 2224 248; baseline 0.012 -41"><span class='ocrx_word' id='word_1_1' title='bbox 943 136 1005 208; x_wconf 93' lang='lat' dir='ltr'>L</span> <span class='ocrx_word' id='word_1_2' title='bbox 1053 160 1084 207; x_wconf 87' lang='lat'>1</span> <span class='ocrx_word' id='word_1_3' title='bbox 1134 159 1176 209; x_wconf 73' lang='lat' dir='ltr'>B</span> <span class='ocrx_word' id='word_1_4' title='bbox 1219 158 1261 210; x_wconf 74' lang='lat' dir='ltr'>n</span> <span class='ocrx_word' id='word_1_5' title='bbox 1305 160 1356 215; x_wconf 75' lang='lat' dir='ltr'>R</span> <span class='ocrx_word' id='word_1_6' title='bbox 1447 142 1539 214; x_wconf 86' lang='lat' dir='ltr'>X.</span> <span class='ocrx_word' id='word_1_7' title='bbox 2074 143 2224 248; x_wconf 79' lang='lat'>869</span> 
     </span>
     <span class='ocr_line' id='line_1_2' title="bbox 257 229 2231 331; baseline 0.009 -23"><span class='ocrx_word' id='word_1_8' title='bbox 257 236 746 313; x_wconf 77' lang='lat' dir='ltr'>inultosannos</span> <span class='ocrx_word' id='word_1_9' title='bbox 763 229 833 304; x_wconf 89' lang='lat' dir='ltr'>in</span> <span class='ocrx_word' id='word_1_10' title='bbox 863 233 1149 306; x_wconf 89' lang='lat' dir='ltr'>amicitia</span> <span class='ocrx_word' id='word_1_11' title='bbox 1182 233 1440 311; x_wconf 89' lang='lat' dir='ltr'>fuerant</span> <span class='ocrx_word' id='word_1_12' title='bbox 1460 287 1483 323; x_wconf 87' lang='lat'><strong>‚</strong></span> <span class='ocrx_word' id='word_1_13' title='bbox 1517 240 1785 316; x_wconf 90' lang='lat' dir='ltr'>allatum</span> <span class='ocrx_word' id='word_1_14' title='bbox 1806 239 2022 331; x_wconf 88' lang='lat' dir='ltr'>foret,</span> <span class='ocrx_word' id='word_1_15' title='bbox 2048 276 2231 325; x_wconf 80' lang='lat' dir='ltr'>arma</span> 
     </span>
     <span class='ocr_line' id='line_1_3' title="bbox 260 330 2225 442; baseline 0.008 -32"><span class='ocrx_word' id='word_1_16' title='bbox 260 333 557 411; x_wconf 82' lang='lat' dir='ltr'>Etruscis</span> <span class='ocrx_word' id='word_1_17' title='bbox 570 330 867 426; x_wconf 83' lang='lat' dir='ltr'>junxisse.</span> <span class='ocrx_word' id='word_1_18' title='bbox 917 335 1136 426; x_wconf 87' lang='lat' dir='ltr'>Hujus</span> <span class='ocrx_word' id='word_1_19' title='bbox 1161 339 1615 439; x_wconf 78' lang='lat' dir='ltr'>propinquitas</span> <span class='ocrx_word' id='word_1_20' title='bbox 1635 346 1864 442; x_wconf 85' lang='lat' dir='ltr'>populi</span> <span class='ocrx_word' id='word_1_21' title='bbox 1903 351 2076 422; x_wconf 84' lang='lat' dir='ltr'>acuit</span> <span class='ocrx_word' id='word_1_22' title='bbox 2112 377 2225 425; x_wconf 85' lang='lat' dir='ltr'>cu·</span> 
     </span>
     <span class='ocr_line' id='line_1_4' title="bbox 260 426 2226 546; baseline 0.008 -37"><span class='ocrx_word' id='word_1_23' title='bbox 260 461 405 509; x_wconf 85' lang='lat' dir='ltr'>ram</span> <span class='ocrx_word' id='word_1_24' title='bbox 430 431 733 508; x_wconf 84' lang='lat' dir='ltr'>Patribus</span> <span class='ocrx_word' id='word_1_25' title='bbox 757 483 781 517; x_wconf 87' lang='lat'>,</span> <span class='ocrx_word' id='word_1_26' title='bbox 818 454 891 505; x_wconf 90' lang='lat' dir='ltr'>ut</span> <span class='ocrx_word' id='word_1_27' title='bbox 926 426 1191 505; x_wconf 83' lang='lat' dir='ltr'>feciales</span> <span class='ocrx_word' id='word_1_28' title='bbox 1213 438 1574 512; x_wconf 84' lang='lat' dir='ltr'>mittendos</span> <span class='ocrx_word' id='word_1_29' title='bbox 1596 442 1676 513; x_wconf 87' lang='lat' dir='ltr'>ad</span> <span class='ocrx_word' id='word_1_30' title='bbox 1695 468 1798 515; x_wconf 84' lang='lat' dir='ltr'>res</span> <span class='ocrx_word' id='word_1_31' title='bbox 1833 452 2226 546; x_wconf 83' lang='lat' dir='ltr'>repetendas</span> 
     </span>
     <span class='ocr_line' id='line_1_5' title="bbox 259 529 2229 631; baseline 0.011 -25"><span class='ocrx_word' id='word_1_32' title='bbox 259 529 627 609; x_wconf 83' lang='lat' dir='ltr'>censerent.</span> <span class='ocrx_word' id='word_1_33' title='bbox 659 531 897 631; x_wconf 87' lang='lat' dir='ltr'>quibus</span> <span class='ocrx_word' id='word_1_34' title='bbox 915 555 1053 603; x_wconf 91' lang='lat' dir='ltr'>non</span> <span class='ocrx_word' id='word_1_35' title='bbox 1092 531 1363 606; x_wconf 84' lang='lat' dir='ltr'>redditis</span> <span class='ocrx_word' id='word_1_36' title='bbox 1385 592 1404 620; x_wconf 88' lang='lat'>‚</span> <span class='ocrx_word' id='word_1_37' title='bbox 1434 563 1515 610; x_wconf 80' lang='lat' dir='ltr'>ex</span> <span class='ocrx_word' id='word_1_38' title='bbox 1540 542 1933 616; x_wconf 66' lang='lat' dir='ltr'>austoritate</span> <span class='ocrx_word' id='word_1_39' title='bbox 1956 557 2229 626; x_wconf 72' lang='lat' dir='ltr'>Parrum</span> 
     </span>
     <span class='ocr_line' id='line_1_6' title="bbox 257 630 2233 745; baseline 0.01 -41"><span class='ocrx_word' id='word_1_40' title='bbox 257 630 420 730; x_wconf 71' lang='lat' dir='ltr'>juss‘u</span> <span class='ocrx_word' id='word_1_41' title='bbox 442 632 676 731; x_wconf 88' lang='lat' dir='ltr'>populi</span> <span class='ocrx_word' id='word_1_42' title='bbox 696 631 945 703; x_wconf 91' lang='lat' dir='ltr'>bellum</span> <span class='ocrx_word' id='word_1_43' title='bbox 964 630 1226 704; x_wconf 82' lang='lat' dir='ltr'>Faliscis</span> <span class='ocrx_word' id='word_1_44' title='bbox 1246 634 1564 711; x_wconf 66' lang='lat' dir='ltr'>indifium</span> <span class='ocrx_word' id='word_1_45' title='bbox 1586 638 1680 712; x_wconf 88' lang='lat' dir='ltr'>est</span> <span class='ocrx_word' id='word_1_46' title='bbox 1699 668 1718 712; x_wconf 77' lang='lat' dir='ltr'>t</span> <span class='ocrx_word' id='word_1_47' title='bbox 1759 644 2039 745; x_wconf 86' lang='lat' dir='ltr'>juffique</span> <span class='ocrx_word' id='word_1_48' title='bbox 2062 675 2233 725; x_wconf 87' lang='lat' dir='ltr'>con-</span> 
     </span>
     <span class='ocr_line' id='line_1_7' title="bbox 254 729 2225 825; baseline 0.011 -22"><span class='ocrx_word' id='word_1_49' title='bbox 254 730 426 804; x_wconf 85' lang='lat' dir='ltr'>sules</span> <span class='ocrx_word' id='word_1_50' title='bbox 460 729 675 802; x_wconf 86' lang='lat' dir='ltr'>sortiri</span> <span class='ocrx_word' id='word_1_51' title='bbox 694 781 716 815; x_wconf 91' lang='lat'><strong>,</strong></span> <span class='ocrx_word' id='word_1_52' title='bbox 754 752 899 803; x_wconf 89' lang='lat' dir='ltr'>uter</span> <span class='ocrx_word' id='word_1_53' title='bbox 924 755 1007 805; x_wconf 87' lang='lat' dir='ltr'>ex</span> <span class='ocrx_word' id='word_1_54' title='bbox 1030 732 1296 804; x_wconf 87' lang='lat' dir='ltr'>Samnio</span> <span class='ocrx_word' id='word_1_55' title='bbox 1316 734 1385 805; x_wconf 90' lang='lat' dir='ltr'>in</span> <span class='ocrx_word' id='word_1_56' title='bbox 1407 737 1735 812; x_wconf 79' lang='lat' dir='ltr'>Etruriam</span> <span class='ocrx_word' id='word_1_57' title='bbox 1758 770 1906 815; x_wconf 90' lang='lat' dir='ltr'>cum</span> <span class='ocrx_word' id='word_1_58' title='bbox 1926 749 2225 825; x_wconf 81' lang='lat' dir='ltr'>exercitu</span> 
     </span>
     <span class='ocr_line' id='line_1_8' title="bbox 254 830 2223 930; baseline 0.01 -28"><span class='ocrx_word' id='word_1_59' title='bbox 254 830 580 902; x_wconf 74' lang='lat' dir='ltr'>transiret.</span> <span class='ocrx_word' id='word_1_60' title='bbox 628 835 777 923; x_wconf 87' lang='lat' dir='ltr'>Jam</span> <span class='ocrx_word' id='word_1_61' title='bbox 798 831 1130 904; x_wconf 84' lang='lat' dir='ltr'>Carvilius</span> <span class='ocrx_word' id='word_1_62' title='bbox 1151 835 1484 907; x_wconf 90' lang='lat' dir='ltr'>Volanam</span> <span class='ocrx_word' id='word_1_63' title='bbox 1507 882 1528 917; x_wconf 86' lang='lat'>‚</span> <span class='ocrx_word' id='word_1_64' title='bbox 1549 847 1613 912; x_wconf 77' lang='grc' dir='ltr'>δι</span> <span class='ocrx_word' id='word_1_65' title='bbox 1635 843 2094 921; x_wconf 85' lang='lat' dir='ltr'>Palumbinum</span> <span class='ocrx_word' id='word_1_66' title='bbox 2110 892 2133 930; x_wconf 86' lang='lat'>,</span> <span class='ocrx_word' id='word_1_67' title='bbox 2150 860 2223 928; x_wconf 73' lang='grc' dir='ltr'>δι</span> 
     </span>
     <span class='ocr_line' id='line_1_9' title="bbox 253 931 2222 1034; baseline 0.011 -31"><span class='ocrx_word' id='word_1_68' title='bbox 253 931 752 1003; x_wconf 84' lang='lat' dir='ltr'>Herculaneum</span> <span class='ocrx_word' id='word_1_69' title='bbox 789 954 871 1001; x_wconf 83' lang='lat' dir='ltr'>ex</span> <span class='ocrx_word' id='word_1_70' title='bbox 911 931 1313 1004; x_wconf 88' lang='lat' dir='ltr'>Samnitibus</span> <span class='ocrx_word' id='word_1_71' title='bbox 1352 957 1618 1034; x_wconf 85' lang='lat' dir='ltr'>ceperat</span> <span class='ocrx_word' id='word_1_72' title='bbox 1641 967 1659 1008; x_wconf 72' lang='grc' dir='ltr'><strong><em>ι</em></strong></span> <span class='ocrx_word' id='word_1_73' title='bbox 1694 944 2026 1018; x_wconf 84' lang='lat' dir='ltr'>Volanam</span> <span class='ocrx_word' id='word_1_74' title='bbox 2047 949 2222 1023; x_wconf 70' lang='lat' dir='ltr'>intra</span> 
     </span>
     <span class='ocr_line' id='line_1_10' title="bbox 252 1026 2218 1134; baseline 0.01 -36"><span class='ocrx_word' id='word_1_75' title='bbox 252 1053 502 1126; x_wconf 84' lang='lat' dir='ltr'>paucos</span> <span class='ocrx_word' id='word_1_76' title='bbox 522 1026 686 1110; x_wconf 86' lang='lat' dir='ltr'>dies,</span> <span class='ocrx_word' id='word_1_77' title='bbox 706 1029 1160 1102; x_wconf 87' lang='lat' dir='ltr'>Palumbinum</span> <span class='ocrx_word' id='word_1_78' title='bbox 1178 1033 1419 1106; x_wconf 91' lang='lat' dir='ltr'>eodem</span> <span class='ocrx_word' id='word_1_79' title='bbox 1437 1062 1574 1134; x_wconf 91' lang='lat' dir='ltr'>quo</span> <span class='ocrx_word' id='word_1_80' title='bbox 1595 1038 1673 1109; x_wconf 92' lang='lat' dir='ltr'>ad</span> <span class='ocrx_word' id='word_1_81' title='bbox 1694 1064 1917 1112; x_wconf 89' lang='lat' dir='ltr'>muros</span> <span class='ocrx_word' id='word_1_82' title='bbox 1932 1048 2218 1122; x_wconf 86' lang='lat' dir='ltr'>acceffit.</span> 
     </span>
     <span class='ocr_line' id='line_1_11' title="bbox 250 1126 2220 1243; baseline 0.009 -41"><span class='ocrx_word' id='word_1_83' title='bbox 250 1128 363 1202; x_wconf 78' lang='lat' dir='ltr'>Ad</span> <span class='ocrx_word' id='word_1_84' title='bbox 381 1129 869 1201; x_wconf 84' lang='lat' dir='ltr'>Herculaneum</span> <span class='ocrx_word' id='word_1_85' title='bbox 888 1126 987 1198; x_wconf 87' lang='lat' dir='ltr'>bis</span> <span class='ocrx_word' id='word_1_86' title='bbox 1003 1129 1204 1227; x_wconf 85' lang='lat' dir='ltr'>etiam</span> <span class='ocrx_word' id='word_1_87' title='bbox 1246 1130 1443 1232; x_wconf 76' lang='lat' dir='ltr'>lignis</span> <span class='ocrx_word' id='word_1_88' title='bbox 1472 1138 1736 1210; x_wconf 89' lang='lat' dir='ltr'>collatis</span> <span class='ocrx_word' id='word_1_89' title='bbox 1768 1140 2030 1238; x_wconf 88' lang='lat' dir='ltr'>ancipiti</span> <span class='ocrx_word' id='word_1_90' title='bbox 2051 1171 2220 1243; x_wconf 80' lang='lat' dir='ltr'>prae-</span> 
     </span>
     <span class='ocr_line' id='line_1_12' title="bbox 250 1224 2218 1331; baseline 0.01 -31"><span class='ocrx_word' id='word_1_91' title='bbox 250 1227 374 1312; x_wconf 91' lang='lat' dir='ltr'>lio,</span> <span class='ocrx_word' id='word_1_92' title='bbox 397 1236 463 1301; x_wconf 84' lang='lat'>&amp;</span> <span class='ocrx_word' id='word_1_93' title='bbox 484 1252 633 1299; x_wconf 88' lang='lat' dir='ltr'>cum</span> <span class='ocrx_word' id='word_1_94' title='bbox 656 1226 908 1318; x_wconf 86' lang='lat' dir='ltr'>majore</span> <span class='ocrx_word' id='word_1_95' title='bbox 926 1224 1032 1297; x_wconf 89' lang='lat' dir='ltr'>sua</span> <span class='ocrx_word' id='word_1_96' title='bbox 1048 1253 1244 1326; x_wconf 89' lang='lat' dir='ltr'>quam</span> <span class='ocrx_word' id='word_1_97' title='bbox 1269 1230 1556 1307; x_wconf 84' lang='lat' dir='ltr'>hostium</span> <span class='ocrx_word' id='word_1_98' title='bbox 1577 1237 2218 1331; x_wconf 61' lang='lat' dir='ltr'>jafiura,dimicavit.</span> 
     </span>
     <span class='ocr_line' id='line_1_13' title="bbox 249 1324 2221 1440; baseline 0.012 -44"><span class='ocrx_word' id='word_1_99' title='bbox 249 1325 506 1399; x_wconf 84' lang='lat' dir='ltr'>Castris</span> <span class='ocrx_word' id='word_1_100' title='bbox 526 1324 765 1397; x_wconf 88' lang='lat' dir='ltr'>deinde</span> <span class='ocrx_word' id='word_1_101' title='bbox 787 1326 1041 1422; x_wconf 80' lang='lat' dir='ltr'>positis,</span> <span class='ocrx_word' id='word_1_102' title='bbox 1066 1330 1398 1402; x_wconf 86' lang='lat' dir='ltr'>moenibus</span> <span class='ocrx_word' id='word_1_103' title='bbox 1423 1332 1683 1407; x_wconf 87' lang='lat' dir='ltr'>hostem</span> <span class='ocrx_word' id='word_1_104' title='bbox 1704 1338 1984 1413; x_wconf 75' lang='lat' dir='ltr'>inclusit.</span> <span class='ocrx_word' id='word_1_105' title='bbox 2005 1368 2221 1440; x_wconf 87' lang='lat' dir='ltr'>oppu-</span> 
     </span>
     <span class='ocr_line' id='line_1_14' title="bbox 259 1424 2214 1528; baseline 0.011 -33"><span class='ocrx_word' id='word_1_106' title='bbox 259 1446 535 1524; x_wconf 87' lang='lat' dir='ltr'>gnatum</span> <span class='ocrx_word' id='word_1_107' title='bbox 570 1424 892 1522; x_wconf 89' lang='lat' dir='ltr'>oppidum</span> <span class='ocrx_word' id='word_1_108' title='bbox 914 1471 935 1505; x_wconf 86' lang='lat'>‚</span> <span class='ocrx_word' id='word_1_109' title='bbox 968 1448 1399 1528; x_wconf 87' lang='lat' dir='ltr'>captumque.</span> <span class='ocrx_word' id='word_1_110' title='bbox 1451 1439 1480 1503; x_wconf 87' lang='lat' dir='ltr'>J</span> <span class='ocrx_word' id='word_1_111' title='bbox 1490 1459 1531 1504; x_wconf 91' lang='lat' dir='ltr'>n</span> <span class='ocrx_word' id='word_1_112' title='bbox 1566 1433 1667 1505; x_wconf 87' lang='lat' dir='ltr'>his</span> <span class='ocrx_word' id='word_1_113' title='bbox 1700 1435 1908 1508; x_wconf 89' lang='lat' dir='ltr'>tribus</span> <span class='ocrx_word' id='word_1_114' title='bbox 1943 1443 2214 1516; x_wconf 75' lang='lat' dir='ltr'>urbibus</span> 
     </span>
     <span class='ocr_line' id='line_1_15' title="bbox 254 1519 2223 1641; baseline 0.011 -46"><span class='ocrx_word' id='word_1_115' title='bbox 254 1544 452 1622; x_wconf 89' lang='lat' dir='ltr'>capta</span> <span class='ocrx_word' id='word_1_116' title='bbox 466 1542 574 1594; x_wconf 90' lang='lat' dir='ltr'>aut</span> <span class='ocrx_word' id='word_1_117' title='bbox 595 1519 779 1604; x_wconf 60' lang='lat' dir='ltr'>caesa,</span> <span class='ocrx_word' id='word_1_118' title='bbox 799 1525 880 1597; x_wconf 89' lang='lat' dir='ltr'>ad</span> <span class='ocrx_word' id='word_1_119' title='bbox 901 1524 1131 1600; x_wconf 89' lang='lat' dir='ltr'>decem</span> <span class='ocrx_word' id='word_1_120' title='bbox 1155 1528 1363 1600; x_wconf 88' lang='lat' dir='ltr'>millia</span> <span class='ocrx_word' id='word_1_121' title='bbox 1380 1527 1726 1605; x_wconf 89' lang='lat' dir='ltr'>hominum</span> <span class='ocrx_word' id='word_1_122' title='bbox 1747 1562 1766 1606; x_wconf 75' lang='grc' dir='ltr'><strong><em>ε</em></strong></span> <span class='ocrx_word' id='word_1_123' title='bbox 1788 1533 1903 1616; x_wconf 87' lang='lat' dir='ltr'>ita,</span> <span class='ocrx_word' id='word_1_124' title='bbox 1930 1552 1971 1620; x_wconf 52' lang='grc' dir='ltr'>ἃ,</span> <span class='ocrx_word' id='word_1_125' title='bbox 1985 1562 2055 1612; x_wconf 90' lang='lat' dir='ltr'>ut</span> <span class='ocrx_word' id='word_1_126' title='bbox 2071 1568 2223 1641; x_wconf 87' lang='lat' dir='ltr'>par-</span> 
     </span>
     <span class='ocr_line' id='line_1_16' title="bbox 252 1621 2220 1739; baseline 0.011 -45"><span class='ocrx_word' id='word_1_127' title='bbox 252 1647 346 1694; x_wconf 78' lang='lat' dir='ltr'>vo</span> <span class='ocrx_word' id='word_1_128' title='bbox 381 1621 737 1694; x_wconf 80' lang='lat' dir='ltr'>admodum</span> <span class='ocrx_word' id='word_1_129' title='bbox 789 1624 1009 1720; x_wconf 83' lang='lat' dir='ltr'>plures</span> <span class='ocrx_word' id='word_1_130' title='bbox 1063 1649 1478 1723; x_wconf 83' lang='lat' dir='ltr'>caperentur.</span> <span class='ocrx_word' id='word_1_131' title='bbox 1567 1635 2010 1710; x_wconf 74' lang='lat' dir='ltr'>sortientibus</span> <span class='ocrx_word' id='word_1_132' title='bbox 2057 1667 2220 1739; x_wconf 88' lang='lat' dir='ltr'>pro·-</span> 
     </span>
     <span class='ocr_line' id='line_1_17' title="bbox 251 1719 2214 1819; baseline 0.011 -25"><span class='ocrx_word' id='word_1_133' title='bbox 251 1721 500 1794; x_wconf 81' lang='lat' dir='ltr'>vincias</span> <span class='ocrx_word' id='word_1_134' title='bbox 523 1719 895 1795; x_wconf 89' lang='lat' dir='ltr'>consulibus</span> <span class='ocrx_word' id='word_1_135' title='bbox 910 1779 933 1807; x_wconf 91' lang='lat'>,</span> <span class='ocrx_word' id='word_1_136' title='bbox 970 1725 1232 1797; x_wconf 84' lang='lat' dir='ltr'>Etruria</span> <span class='ocrx_word' id='word_1_137' title='bbox 1254 1730 1554 1801; x_wconf 86' lang='lat' dir='ltr'>Carvilio</span> <span class='ocrx_word' id='word_1_138' title='bbox 1573 1735 1797 1805; x_wconf 88' lang='lat' dir='ltr'>evenit</span> <span class='ocrx_word' id='word_1_139' title='bbox 1818 1787 1837 1819; x_wconf 90' lang='lat'><strong>,</strong></span> <span class='ocrx_word' id='word_1_140' title='bbox 1860 1732 2214 1815; x_wconf 86' lang='lat' dir='ltr'>secundum</span> 
     </span>
     <span class='ocr_line' id='line_1_18' title="bbox 242 1820 2219 1937; baseline 0.011 -45"><span class='ocrx_word' id='word_1_141' title='bbox 242 1841 404 1892; x_wconf 83' lang='lat' dir='ltr'>vota</span> <span class='ocrx_word' id='word_1_142' title='bbox 416 1820 727 1907; x_wconf 81' lang='lat' dir='ltr'>militum,</span> <span class='ocrx_word' id='word_1_143' title='bbox 751 1822 864 1921; x_wconf 91' lang='lat' dir='ltr'>qui</span> <span class='ocrx_word' id='word_1_144' title='bbox 881 1824 1011 1895; x_wconf 89' lang='lat' dir='ltr'>vim</span> <span class='ocrx_word' id='word_1_145' title='bbox 1034 1820 1299 1924; x_wconf 85' lang='lat' dir='ltr'>frigoris</span> <span class='ocrx_word' id='word_1_146' title='bbox 1321 1830 1452 1921; x_wconf 88' lang='lat' dir='ltr'>jam</span> <span class='ocrx_word' id='word_1_147' title='bbox 1477 1830 1542 1901; x_wconf 90' lang='lat' dir='ltr'>in</span> <span class='ocrx_word' id='word_1_148' title='bbox 1558 1835 1831 1908; x_wconf 86' lang='lat' dir='ltr'>Samnio</span> <span class='ocrx_word' id='word_1_149' title='bbox 1850 1861 1985 1910; x_wconf 91' lang='lat' dir='ltr'>non</span> <span class='ocrx_word' id='word_1_150' title='bbox 2004 1841 2219 1937; x_wconf 85' lang='lat' dir='ltr'>patie-</span> 
     </span>
     <span class='ocr_line' id='line_1_19' title="bbox 244 1918 2309 2021; baseline 0.013 -31"><span class='ocrx_word' id='word_1_151' title='bbox 244 1918 505 1992; x_wconf 85' lang='lat' dir='ltr'>bantur.</span> <span class='ocrx_word' id='word_1_152' title='bbox 556 1921 820 2020; x_wconf 89' lang='lat' dir='ltr'>Papirio</span> <span class='ocrx_word' id='word_1_153' title='bbox 840 1922 921 1993; x_wconf 91' lang='lat' dir='ltr'>ad</span> <span class='ocrx_word' id='word_1_154' title='bbox 942 1924 1254 2021; x_wconf 88' lang='lat' dir='ltr'>Sepinum</span> <span class='ocrx_word' id='word_1_155' title='bbox 1294 1931 1511 2021; x_wconf 87' lang='lat' dir='ltr'>major</span> <span class='ocrx_word' id='word_1_156' title='bbox 1530 1934 1627 2002; x_wconf 89' lang='lat' dir='ltr'>vis</span> <span class='ocrx_word' id='word_1_157' title='bbox 1650 1930 1937 2008; x_wconf 87' lang='lat' dir='ltr'>hostium</span> <span class='ocrx_word' id='word_1_158' title='bbox 1957 1939 2210 2015; x_wconf 76' lang='lat' dir='ltr'>resistit.</span> <span class='ocrx_word' id='word_1_159' title='bbox 2307 1961 2309 1964; x_wconf 80' lang='grc'>’</span> 
     </span>
     <span class='ocr_line' id='line_1_20' title="bbox 245 2014 2208 2131; baseline 0.013 -42"><span class='ocrx_word' id='word_1_160' title='bbox 245 2014 412 2116; x_wconf 84' lang='lat' dir='ltr'>saepe</span> <span class='ocrx_word' id='word_1_161' title='bbox 431 2019 498 2089; x_wconf 91' lang='lat' dir='ltr'>in</span> <span class='ocrx_word' id='word_1_162' title='bbox 519 2021 654 2092; x_wconf 91' lang='lat' dir='ltr'>acie</span> <span class='ocrx_word' id='word_1_163' title='bbox 674 2075 693 2104; x_wconf 91' lang='lat'>,</span> <span class='ocrx_word' id='word_1_164' title='bbox 715 2017 899 2118; x_wconf 17' lang='lat' dir='ltr'>&#39;saepe</span> <span class='ocrx_word' id='word_1_165' title='bbox 918 2021 985 2091; x_wconf 92' lang='lat' dir='ltr'>in</span> <span class='ocrx_word' id='word_1_166' title='bbox 1006 2022 1267 2122; x_wconf 88' lang='lat' dir='ltr'>agmine</span> <span class='ocrx_word' id='word_1_167' title='bbox 1288 2075 1313 2110; x_wconf 87' lang='lat'>‚</span> <span class='ocrx_word' id='word_1_168' title='bbox 1349 2023 1518 2125; x_wconf 85' lang='lat' dir='ltr'>saepe</span> <span class='ocrx_word' id='word_1_169' title='bbox 1537 2032 1711 2102; x_wconf 88' lang='lat' dir='ltr'>circa</span> <span class='ocrx_word' id='word_1_170' title='bbox 1744 2030 1947 2131; x_wconf 86' lang='lat' dir='ltr'>ipsam</span> <span class='ocrx_word' id='word_1_171' title='bbox 1974 2038 2208 2116; x_wconf 86' lang='lat' dir='ltr'>urbem</span> 
     </span>
     <span class='ocr_line' id='line_1_21' title="bbox 242 2114 2220 2232; baseline 0.011 -38"><span class='ocrx_word' id='word_1_172' title='bbox 242 2114 545 2194; x_wconf 77' lang='lat' dir='ltr'>adversus</span> <span class='ocrx_word' id='word_1_173' title='bbox 563 2118 943 2218; x_wconf 86' lang='lat' dir='ltr'>eruptiones</span> <span class='ocrx_word' id='word_1_174' title='bbox 965 2119 1251 2196; x_wconf 89' lang='lat' dir='ltr'>hostium</span> <span class='ocrx_word' id='word_1_175' title='bbox 1275 2150 1668 2226; x_wconf 86' lang='lat' dir='ltr'>pugnatum:</span> <span class='ocrx_word' id='word_1_176' title='bbox 1694 2157 1908 2232; x_wconf 89' lang='lat' dir='ltr'>neque</span> <span class='ocrx_word' id='word_1_177' title='bbox 1924 2137 2220 2232; x_wconf 62' lang='lat' dir='ltr'>obsidioss</span> 
     </span>
     <span class='ocr_line' id='line_1_22' title="bbox 240 2219 2206 2337; baseline 0.013 -48"><span class='ocrx_word' id='word_1_178' title='bbox 240 2242 458 2316; x_wconf 83' lang='lat' dir='ltr'>neque</span> <span class='ocrx_word' id='word_1_179' title='bbox 476 2219 727 2292; x_wconf 90' lang='lat' dir='ltr'>bellum</span> <span class='ocrx_word' id='word_1_180' title='bbox 767 2245 850 2291; x_wconf 83' lang='lat' dir='ltr'>ex</span> <span class='ocrx_word' id='word_1_181' title='bbox 886 2246 1077 2320; x_wconf 71' lang='lat' dir='ltr'>aequo</span> <span class='ocrx_word' id='word_1_182' title='bbox 1114 2247 1295 2295; x_wconf 84' lang='lat' dir='ltr'>erat:</span> <span class='ocrx_word' id='word_1_183' title='bbox 1336 2231 1664 2305; x_wconf 87' lang='lat' dir='ltr'>nonenim</span> <span class='ocrx_word' id='word_1_184' title='bbox 1688 2237 1887 2305; x_wconf 87' lang='lat' dir='ltr'>muris</span> <span class='ocrx_word' id='word_1_185' title='bbox 1911 2240 2120 2337; x_wconf 85' lang='lat' dir='ltr'>magis</span> <span class='ocrx_word' id='word_1_186' title='bbox 2138 2239 2206 2315; x_wconf 86' lang='lat' dir='ltr'>se</span> 
     </span>
     <span class='ocr_line' id='line_1_23' title="bbox 238 2318 2209 2419; baseline 0.011 -30"><span class='ocrx_word' id='word_1_187' title='bbox 238 2318 798 2416; x_wconf 86' lang='lat' dir='ltr'>Samnites‚quam</span> <span class='ocrx_word' id='word_1_188' title='bbox 820 2323 1018 2387; x_wconf 87' lang='lat' dir='ltr'>armis</span> <span class='ocrx_word' id='word_1_189' title='bbox 1039 2345 1113 2389; x_wconf 90' lang='lat' dir='ltr'>ac</span> <span class='ocrx_word' id='word_1_190' title='bbox 1136 2322 1289 2390; x_wconf 82' lang='lat' dir='ltr'>viris</span> <span class='ocrx_word' id='word_1_191' title='bbox 1311 2328 1555 2395; x_wconf 85' lang='lat' dir='ltr'>moenia</span> <span class='ocrx_word' id='word_1_192' title='bbox 1575 2330 1978 2419; x_wconf 69' lang='lat' dir='ltr'>tutabantur,</span> <span class='ocrx_word' id='word_1_193' title='bbox 2013 2342 2209 2419; x_wconf 60' lang='lat' dir='ltr'>Tam-2</span> 
     </span>
     <span class='ocr_line' id='line_1_24' title="bbox 229 2414 2207 2525; baseline 0.013 -39"><span class='ocrx_word' id='word_1_194' title='bbox 229 2415 385 2490; x_wconf 87' lang='lat' dir='ltr'>dem</span> <span class='ocrx_word' id='word_1_195' title='bbox 408 2415 762 2514; x_wconf 88' lang='lat' dir='ltr'>pugnando</span> <span class='ocrx_word' id='word_1_196' title='bbox 782 2415 850 2484; x_wconf 87' lang='lat' dir='ltr'>in</span> <span class='ocrx_word' id='word_1_197' title='bbox 867 2414 1280 2491; x_wconf 82' lang='lat' dir='ltr'>obfidionem</span> <span class='ocrx_word' id='word_1_198' title='bbox 1296 2419 1528 2510; x_wconf 80' lang='lat' dir='ltr'>justam</span> <span class='ocrx_word' id='word_1_199' title='bbox 1552 2429 1773 2525; x_wconf 65' lang='lat' dir='ltr'>coe—&#39;git</span> <span class='ocrx_word' id='word_1_200' title='bbox 1793 2429 2048 2511; x_wconf 84' lang='lat' dir='ltr'>hostes:</span> <span class='ocrx_word' id='word_1_201' title='bbox 2074 2439 2207 2511; x_wconf 87' lang='lat' dir='ltr'>ob-</span> 
     </span>
     <span class='ocr_line' id='line_1_25' title="bbox 238 2511 2207 2628; baseline 0.012 -43"><span class='ocrx_word' id='word_1_202' title='bbox 238 2513 643 2612; x_wconf 85' lang='lat' dir='ltr'>fidendoque</span> <span class='ocrx_word' id='word_1_203' title='bbox 660 2558 681 2592; x_wconf 87' lang='lat'>,</span> <span class='ocrx_word' id='word_1_204' title='bbox 717 2511 781 2582; x_wconf 89' lang='lat' dir='ltr'>vi</span> <span class='ocrx_word' id='word_1_205' title='bbox 806 2533 1006 2609; x_wconf 90' lang='lat' dir='ltr'>atque</span> <span class='ocrx_word' id='word_1_206' title='bbox 1029 2515 1341 2613; x_wconf 72' lang='lat' dir='ltr'>operibus</span> <span class='ocrx_word' id='word_1_207' title='bbox 1363 2518 1591 2592; x_wconf 88' lang='lat' dir='ltr'>urbem</span> <span class='ocrx_word' id='word_1_208' title='bbox 1616 2534 2055 2628; x_wconf 84' lang='lat' dir='ltr'>expugnavit.&#39;</span> <span class='ocrx_word' id='word_1_209' title='bbox 2074 2536 2207 2609; x_wconf 87' lang='lat' dir='ltr'>ita-</span> 
     </span>
     <span class='ocr_line' id='line_1_26' title="bbox 241 2612 2201 2725; baseline 0.013 -43"><span class='ocrx_word' id='word_1_210' title='bbox 241 2636 377 2712; x_wconf 88' lang='lat' dir='ltr'>que</span> <span class='ocrx_word' id='word_1_211' title='bbox 397 2612 479 2681; x_wconf 88' lang='lat' dir='ltr'>ab</span> <span class='ocrx_word' id='word_1_212' title='bbox 496 2613 590 2682; x_wconf 89' lang='lat' dir='ltr'>ira</span> <span class='ocrx_word' id='word_1_213' title='bbox 607 2612 753 2709; x_wconf 84' lang='lat' dir='ltr'>plus</span> <span class='ocrx_word' id='word_1_214' title='bbox 774 2612 968 2682; x_wconf 72' lang='lat' dir='ltr'>cardis</span> <span class='ocrx_word' id='word_1_215' title='bbox 992 2613 1240 2699; x_wconf 87' lang='lat' dir='ltr'>editum</span> <span class='ocrx_word' id='word_1_216' title='bbox 1267 2638 1456 2715; x_wconf 87' lang='lat' dir='ltr'>capta</span> <span class='ocrx_word' id='word_1_217' title='bbox 1476 2620 1636 2694; x_wconf 87' lang='lat' dir='ltr'>urbe</span> <span class='ocrx_word' id='word_1_218' title='bbox 1657 2652 1674 2693; x_wconf 73' lang='lat' dir='ltr'>t</span> <span class='ocrx_word' id='word_1_219' title='bbox 1711 2623 1961 2725; x_wconf 90' lang='lat' dir='ltr'>septem</span> <span class='ocrx_word' id='word_1_220' title='bbox 1993 2634 2201 2709; x_wconf 88' lang='lat' dir='ltr'>millia</span> 
     </span>
     <span class='ocr_line' id='line_1_27' title="bbox 244 2708 2255 2811; baseline 0.015 -32"><span class='ocrx_word' id='word_1_221' title='bbox 244 2710 710 2811; x_wconf 83' lang='lat' dir='ltr'>quadringenti</span> <span class='ocrx_word' id='word_1_222' title='bbox 737 2708 919 2784; x_wconf 73' lang='lat' dir='ltr'>caefi:</span> <span class='ocrx_word' id='word_1_223' title='bbox 955 2730 1146 2809; x_wconf 88' lang='lat' dir='ltr'>capta</span> <span class='ocrx_word' id='word_1_224' title='bbox 1179 2715 1394 2787; x_wconf 89' lang='lat' dir='ltr'>minus</span> <span class='ocrx_word' id='word_1_225' title='bbox 1431 2719 1554 2790; x_wconf 88' lang='lat' dir='ltr'>tria</span> <span class='ocrx_word' id='word_1_226' title='bbox 1592 2724 1794 2796; x_wconf 89' lang='lat' dir='ltr'>millia</span> <span class='ocrx_word' id='word_1_227' title='bbox 1826 2727 2196 2808; x_wconf 85' lang='lat' dir='ltr'>hominum=</span> <span class='ocrx_word' id='word_1_228' title='bbox 2252 2758 2255 2761; x_wconf 86' lang='grc'><em>·</em></span> 
     </span>
     <span class='ocr_line' id='line_1_28' title="bbox 241 2808 2198 2916; baseline 0.014 -37"><span class='ocrx_word' id='word_1_229' title='bbox 241 2810 462 2908; x_wconf 85' lang='lat' dir='ltr'>praeda</span> <span class='ocrx_word' id='word_1_230' title='bbox 478 2856 498 2890; x_wconf 84' lang='lat'>‚</span> <span class='ocrx_word' id='word_1_231' title='bbox 518 2816 662 2911; x_wconf 78' lang='lat' dir='ltr'>quae</span> <span class='ocrx_word' id='word_1_232' title='bbox 684 2808 962 2907; x_wconf 88' lang='lat' dir='ltr'>plurima</span> <span class='ocrx_word' id='word_1_233' title='bbox 981 2808 1134 2893; x_wconf 90' lang='lat' dir='ltr'>fuit,</span> <span class='ocrx_word' id='word_1_234' title='bbox 1159 2817 1485 2916; x_wconf 82' lang='lat' dir='ltr'>congestis</span> <span class='ocrx_word' id='word_1_235' title='bbox 1506 2824 1889 2899; x_wconf 87' lang='lat' dir='ltr'>Samnitium</span> <span class='ocrx_word' id='word_1_236' title='bbox 1917 2829 2111 2903; x_wconf 86' lang='lat' dir='ltr'>rebus</span> <span class='ocrx_word' id='word_1_237' title='bbox 2127 2833 2198 2907; x_wconf 90' lang='lat' dir='ltr'>in</span> 
     </span>
     <span class='ocr_line' id='line_1_29' title="bbox 237 2908 2312 3031; baseline 0.011 -49"><span class='ocrx_word' id='word_1_238' title='bbox 237 2908 435 2982; x_wconf 87' lang='lat' dir='ltr'>urbes</span> <span class='ocrx_word' id='word_1_239' title='bbox 461 2934 695 3008; x_wconf 88' lang='lat' dir='ltr'>paucas</span> <span class='ocrx_word' id='word_1_240' title='bbox 717 2958 738 2993; x_wconf 90' lang='lat'>‚</span> <span class='ocrx_word' id='word_1_241' title='bbox 757 2909 952 2981; x_wconf 88' lang='lat' dir='ltr'>militi</span> <span class='ocrx_word' id='word_1_242' title='bbox 973 2911 1396 2987; x_wconf 82' lang='lat' dir='ltr'>conceffaest.</span> <span class='ocrx_word' id='word_1_243' title='bbox 1454 2921 1666 2992; x_wconf 82' lang='lat' dir='ltr'>Nives</span> <span class='ocrx_word' id='word_1_244' title='bbox 1683 2925 1815 3017; x_wconf 88' lang='lat' dir='ltr'>jam</span> <span class='ocrx_word' id='word_1_245' title='bbox 1836 2932 2112 3007; x_wconf 89' lang='lat' dir='ltr'>omniao</span> <span class='ocrx_word' id='word_1_246' title='bbox 2163 2936 2312 3031; x_wconf 82' lang='lat'>-46</span> 
     </span>
     <span class='ocr_line' id='line_1_30' title="bbox 237 3009 2200 3125; baseline 0.013 -46"><span class='ocrx_word' id='word_1_247' title='bbox 237 3010 583 3109; x_wconf 82' lang='lat' dir='ltr'>pleverant</span> <span class='ocrx_word' id='word_1_248' title='bbox 601 3055 623 3091; x_wconf 86' lang='lat'>,</span> <span class='ocrx_word' id='word_1_249' title='bbox 643 3033 765 3080; x_wconf 90' lang='lat' dir='ltr'>nec</span> <span class='ocrx_word' id='word_1_250' title='bbox 783 3009 999 3080; x_wconf 88' lang='lat' dir='ltr'>durari</span> <span class='ocrx_word' id='word_1_251' title='bbox 1016 3032 1201 3083; x_wconf 85' lang='lat' dir='ltr'>extra</span> <span class='ocrx_word' id='word_1_252' title='bbox 1219 3017 1393 3086; x_wconf 67' lang='lat' dir='ltr'>tefia</span> <span class='ocrx_word' id='word_1_253' title='bbox 1411 3040 1671 3115; x_wconf 87' lang='lat' dir='ltr'>poterat</span> <span class='ocrx_word' id='word_1_254' title='bbox 1694 3050 1711 3092; x_wconf 75' lang='grc' dir='ltr'><strong><em>ε</em></strong></span> <span class='ocrx_word' id='word_1_255' title='bbox 1730 3024 1953 3125; x_wconf 88' lang='lat' dir='ltr'>itaque</span> <span class='ocrx_word' id='word_1_256' title='bbox 1971 3056 2099 3104; x_wconf 91' lang='lat' dir='ltr'>con</span> <span class='ocrx_word' id='word_1_257' title='bbox 2133 3036 2200 3110; x_wconf 90' lang='lat' dir='ltr'>ul</span> 
     </span>
     <span class='ocr_line' id='line_1_31' title="bbox 236 3107 2201 3204; baseline 0.009 -24"><span class='ocrx_word' id='word_1_258' title='bbox 236 3112 320 3180; x_wconf 88' lang='lat' dir='ltr'>de</span> <span class='ocrx_word' id='word_1_259' title='bbox 341 3109 599 3180; x_wconf 85' lang='lat' dir='ltr'>Samnio</span> <span class='ocrx_word' id='word_1_260' title='bbox 619 3107 982 3183; x_wconf 78' lang='lat' dir='ltr'>exercitum</span> <span class='ocrx_word' id='word_1_261' title='bbox 1002 3110 1294 3184; x_wconf 86' lang='lat' dir='ltr'>deduxit.</span> <span class='ocrx_word' id='word_1_262' title='bbox 1317 3119 1631 3191; x_wconf 89' lang='lat' dir='ltr'>Venienti</span> <span class='ocrx_word' id='word_1_263' title='bbox 1654 3125 2201 3204; x_wconf 70' lang='lat' dir='ltr'>Romamsrium.</span> 
     </span>
     <span class='ocr_line' id='line_1_32' title="bbox 241 3202 2198 3321; baseline 0.009 -45"><span class='ocrx_word' id='word_1_264' title='bbox 241 3204 411 3307; x_wconf 85' lang='lat' dir='ltr'>phus</span> <span class='ocrx_word' id='word_1_265' title='bbox 436 3207 731 3279; x_wconf 87' lang='lat' dir='ltr'>omnium</span> <span class='ocrx_word' id='word_1_266' title='bbox 751 3202 1065 3281; x_wconf 91' lang='lat' dir='ltr'>consensu</span> <span class='ocrx_word' id='word_1_267' title='bbox 1096 3208 1191 3281; x_wconf 90' lang='lat' dir='ltr'>est</span> <span class='ocrx_word' id='word_1_268' title='bbox 1213 3211 1490 3288; x_wconf 88' lang='lat' dir='ltr'>delatus.</span> <span class='ocrx_word' id='word_1_269' title='bbox 1516 3219 1942 3321; x_wconf 85' lang='lat' dir='ltr'>triumphavit</span> <span class='ocrx_word' id='word_1_270' title='bbox 1960 3229 2027 3299; x_wconf 90' lang='lat' dir='ltr'>in</span> <span class='ocrx_word' id='word_1_271' title='bbox 2053 3257 2198 3305; x_wconf 89' lang='lat' dir='ltr'>ma..</span> 
     </span>
    </p>
   </div>
   <div class='ocr_carea' id='block_1_2' title="bbox 1889 3326 2195 3426">
    <p class='ocr_par' dir='ltr' id='par_1_2' title="bbox 1889 3326 2195 3426">
     <span class='ocr_line' id='line_1_33' title="bbox 1889 3326 2195 3426; baseline 0.026 -29"><span class='ocrx_word' id='word_1_272' title='bbox 1889 3326 2195 3426; x_wconf 82' lang='lat' dir='ltr'>gistratu,</span> 
     </span>
    </p>
   </div>
   <div class='ocr_carea' id='block_1_3' title="bbox 300 3466 2287 3692">
    <p class='ocr_par' dir='ltr' id='par_1_3' title="bbox 300 3466 2287 3692">
     <span class='ocr_line' id='line_1_34' title="bbox 461 3466 2199 3562; baseline 0.017 -47"><span class='ocrx_word' id='word_1_273' title='bbox 461 3472 502 3517; x_wconf 83' lang='lat' dir='ltr'>G</span> <span class='ocrx_word' id='word_1_274' title='bbox 543 3480 580 3519; x_wconf 78' lang='grc' dir='ltr'>ι</span> <span class='ocrx_word' id='word_1_275' title='bbox 616 3480 702 3517; x_wconf 71' lang='lat' dir='ltr'>ou</span> <span class='ocrx_word' id='word_1_276' title='bbox 742 3485 777 3519; x_wconf 92' lang='lat' dir='ltr'>o</span> <span class='ocrx_word' id='word_1_277' title='bbox 817 3485 853 3521; x_wconf 80' lang='lat' dir='ltr'>v</span> <span class='ocrx_word' id='word_1_278' title='bbox 887 3487 913 3523; x_wconf 71' lang='lat' dir='ltr'>J</span> <span class='ocrx_word' id='word_1_279' title='bbox 958 3490 1000 3529; x_wconf 81' lang='grc' dir='ltr'>ι.</span> <span class='ocrx_word' id='word_1_280' title='bbox 1252 3474 1365 3526; x_wconf 82' lang='lat' dir='ltr'>suo:</span> <span class='ocrx_word' id='word_1_281' title='bbox 1393 3466 2199 3562; x_wconf 64' lang='lat' dir='ltr'>xipatuaedudmnummplures.</span> 
     </span>
     <span class='ocr_line' id='line_1_35' title="bbox 1256 3544 2287 3616; baseline 0.025 -26"><span class='ocrx_word' id='word_1_282' title='bbox 1256 3544 1345 3592; x_wconf 84' lang='lat' dir='ltr'>vbi</span> <span class='ocrx_word' id='word_1_283' title='bbox 1368 3544 1413 3593; x_wconf 86' lang='lat' dir='ltr'>se</span> <span class='ocrx_word' id='word_1_284' title='bbox 1437 3549 1677 3598; x_wconf 81' lang='lat' dir='ltr'>manifesto</span> <span class='ocrx_word' id='word_1_285' title='bbox 1696 3552 1852 3616; x_wconf 80' lang='lat' dir='ltr'>prodit</span> <span class='ocrx_word' id='word_1_286' title='bbox 1862 3558 2009 3609; x_wconf 83' lang='lat' dir='ltr'>aliena</span> <span class='ocrx_word' id='word_1_287' title='bbox 2020 3576 2199 3614; x_wconf 76' lang='lat' dir='ltr'>manus:</span> <span class='ocrx_word' id='word_1_288' title='bbox 2281 3602 2287 3608; x_wconf 80' lang='grc'><strong>-</strong></span> 
     </span>
     <span class='ocr_line' id='line_1_36' title="bbox 300 3606 2196 3692; baseline 0.015 -40"><span class='ocrx_word' id='word_1_289' title='bbox 300 3616 332 3652; x_wconf 74' lang='lat' dir='ltr'>a</span> <span class='ocrx_word' id='word_1_290' title='bbox 370 3608 427 3653; x_wconf 75' lang='lat' dir='ltr'>Vt</span> <span class='ocrx_word' id='word_1_291' title='bbox 436 3617 597 3669; x_wconf 73' lang='lat' dir='ltr'>pavore</span> <span class='ocrx_word' id='word_1_292' title='bbox 605 3606 834 3654; x_wconf 70' lang='lat' dir='ltr'>admodum</span> <span class='ocrx_word' id='word_1_293' title='bbox 844 3608 1001 3672; x_wconf 79' lang='lat' dir='ltr'>plures.</span> <span class='ocrx_word' id='word_1_294' title='bbox 1027 3607 1194 3670; x_wconf 63' lang='lat' dir='ltr'>wele·</span> <span class='ocrx_word' id='word_1_295' title='bbox 1262 3616 1386 3661; x_wconf 85' lang='lat' dir='ltr'>Nam</span> <span class='ocrx_word' id='word_1_296' title='bbox 1403 3616 1554 3663; x_wconf 76' lang='lat' dir='ltr'>Livius</span> <span class='ocrx_word' id='word_1_297' title='bbox 1564 3613 1683 3666; x_wconf 79' lang='lat' dir='ltr'>dixit</span> <span class='ocrx_word' id='word_1_298' title='bbox 1690 3635 1826 3687; x_wconf 74' lang='lat' dir='ltr'>pam</span> <span class='ocrx_word' id='word_1_299' title='bbox 1843 3627 1991 3692; x_wconf 75' lang='lat' dir='ltr'>plures</span> <span class='ocrx_word' id='word_1_300' title='bbox 2004 3665 2019 3687; x_wconf 87' lang='lat'>‚</span> <span class='ocrx_word' id='word_1_301' title='bbox 2033 3644 2083 3678; x_wconf 87' lang='lat' dir='ltr'>ut</span> <span class='ocrx_word' id='word_1_302' title='bbox 2093 3631 2196 3690; x_wconf 77' lang='lat' dir='ltr'>alii,</span> 
     </span>
    </p>
   </div>
   <div class='ocr_carea' id='block_1_4' title="bbox 243 3668 2231 3909">
    <p class='ocr_par' dir='ltr' id='par_1_4' title="bbox 243 3668 2231 3909">
     <span class='ocr_line' id='line_1_37' title="bbox 247 3668 2227 3767; baseline 0.011 -49"><span class='ocrx_word' id='word_1_303' title='bbox 247 3672 319 3719; x_wconf 78' lang='lat' dir='ltr'>nii</span> <span class='ocrx_word' id='word_1_304' title='bbox 345 3668 496 3719; x_wconf 78' lang='lat' dir='ltr'>codex</span> <span class='ocrx_word' id='word_1_305' title='bbox 516 3705 529 3726; x_wconf 85' lang='lat'>,</span> <span class='ocrx_word' id='word_1_306' title='bbox 558 3669 654 3719; x_wconf 87' lang='lat' dir='ltr'>duo</span> <span class='ocrx_word' id='word_1_307' title='bbox 670 3672 760 3719; x_wconf 82' lang='lat' dir='ltr'>Pal.</span> <span class='ocrx_word' id='word_1_308' title='bbox 783 3671 907 3727; x_wconf 64' lang='lat' dir='ltr'>Vossl</span> <span class='ocrx_word' id='word_1_309' title='bbox 937 3672 1074 3725; x_wconf 76' lang='lat' dir='ltr'>chifl.</span> <span class='ocrx_word' id='word_1_310' title='bbox 1096 3679 1191 3731; x_wconf 71' lang='lat' dir='ltr'>alii:</span> <span class='ocrx_word' id='word_1_311' title='bbox 1261 3681 1488 3747; x_wconf 71' lang='lat' dir='ltr'>aliqunto</span> <span class='ocrx_word' id='word_1_312' title='bbox 1501 3686 1651 3751; x_wconf 73' lang='lat' dir='ltr'>plum</span> <span class='ocrx_word' id='word_1_313' title='bbox 1667 3722 1683 3745; x_wconf 85' lang='lat'>,</span> <span class='ocrx_word' id='word_1_314' title='bbox 1712 3692 2029 3763; x_wconf 49' lang='lat' dir='ltr'>mataplan„</span> <span class='ocrx_word' id='word_1_315' title='bbox 2059 3701 2200 3750; x_wconf 57' lang='lat' dir='ltr'>nimi,</span> <span class='ocrx_word' id='word_1_316' title='bbox 2220 3759 2227 3767; x_wconf 28' lang='grc'>1</span> 
     </span>
     <span class='ocr_line' id='line_1_38' title="bbox 243 3740 1414 3820; baseline 0.01 -31"><span class='ocrx_word' id='word_1_317' title='bbox 243 3752 442 3807; x_wconf 66' lang='lat' dir='ltr'>nepam</span> <span class='ocrx_word' id='word_1_318' title='bbox 456 3740 855 3811; x_wconf 54' lang='lat' dir='ltr'>admdnmplnm·</span> <span class='ocrx_word' id='word_1_319' title='bbox 875 3744 1080 3810; x_wconf 68' lang='lat' dir='ltr'>sigonius</span> <span class='ocrx_word' id='word_1_320' title='bbox 1092 3761 1196 3802; x_wconf 77' lang='lat' dir='ltr'>cum</span> <span class='ocrx_word' id='word_1_321' title='bbox 1215 3806 1216 3809; x_wconf 8' lang='grc' dir='ltr'><strong>Ἴ</strong></span> <span class='ocrx_word' id='word_1_322' title='bbox 1243 3750 1414 3820; x_wconf 72' lang='lat' dir='ltr'>plnres.</span> 
     </span>
     <span class='ocr_line' id='line_1_39' title="bbox 1501 3821 2231 3909; baseline 0.015 -37"><span class='ocrx_word' id='word_1_323' title='bbox 1501 3821 1619 3872; x_wconf 67' lang='lat' dir='ltr'>Eee</span> <span class='ocrx_word' id='word_1_324' title='bbox 1648 3839 1675 3898; x_wconf 56' lang='lat' dir='ltr'><em>g</em></span> <span class='ocrx_word' id='word_1_325' title='bbox 1992 3828 2028 3881; x_wconf 75' lang='lat' dir='ltr'>b</span> <span class='ocrx_word' id='word_1_326' title='bbox 2056 3836 2196 3887; x_wconf 64' lang='grc' dir='ltr'>νεώ</span> <span class='ocrx_word' id='word_1_327' title='bbox 2224 3904 2231 3909; x_wconf 25' lang='lat'>¹</span> 
     </span>
    </p>
   </div>
  </div>
 </body>
</html>
