<?xml version="1.0" encoding="UTF-8"?>
<!DOCTYPE html PUBLIC "-//W3C//DTD XHTML 1.0 Transitional//EN"
    "http://www.w3.org/TR/xhtml1/DTD/xhtml1-transitional.dtd">
<html xmlns="http://www.w3.org/1999/xhtml" xml:lang="en" lang="en">
 <head>
  <title>
</title>
<meta http-equiv="Content-Type" content="text/html;charset=utf-8" />
  <meta name='ocr-system' content='tesseract 3.04.00' />
  <meta name='ocr-capabilities' content='ocr_page ocr_carea ocr_par ocr_line ocrx_word'/>
</head>
<body>
  <div class='ocr_page' id='page_1' title='image "./titiliviihistor00grongoog_0824.png"; bbox 0 0 2593 4366; ppageno 0'>
   <div class='ocr_carea' id='block_1_1' title="bbox 269 44 2376 3704">
    <p class='ocr_par' dir='ltr' id='par_1_1' title="bbox 269 44 2376 3704">
     <span class='ocr_line' id='line_1_1' title="bbox 454 44 1675 124; baseline -0.007 0"><span class='ocrx_word' id='word_1_1' title='bbox 454 119 455 124; x_wconf 75' lang='grc'>,</span> <span class='ocrx_word' id='word_1_2' title='bbox 513 70 566 124; x_wconf 84' lang='grc' dir='ltr'><strong><em>ο</em></strong></span> <span class='ocrx_word' id='word_1_3' title='bbox 1086 44 1186 122; x_wconf 78' lang='grc' dir='ltr'>Τ.</span> <span class='ocrx_word' id='word_1_4' title='bbox 1280 44 1344 120; x_wconf 74' lang='lat' dir='ltr'>L‘</span> <span class='ocrx_word' id='word_1_5' title='bbox 1390 67 1424 117; x_wconf 78' lang='grc' dir='ltr'><strong>ι</strong></span> <span class='ocrx_word' id='word_1_6' title='bbox 1468 68 1516 120; x_wconf 79' lang='lat' dir='ltr'>v</span> <span class='ocrx_word' id='word_1_7' title='bbox 1561 65 1597 118; x_wconf 84' lang='lat'>1</span> <span class='ocrx_word' id='word_1_8' title='bbox 1646 67 1675 115; x_wconf 79' lang='grc' dir='ltr'><strong>ι</strong></span> 
     </span>
     <span class='ocr_line' id='line_1_2' title="bbox 406 68 2375 245; baseline -0.002 -18"><span class='ocrx_word' id='word_1_9' title='bbox 406 68 796 228; x_wconf 61' lang='grc' dir='ltr'>ζὲωηίιίιιω</span> <span class='ocrx_word' id='word_1_10' title='bbox 814 141 1076 229; x_wconf 82' lang='lat' dir='ltr'>forent,</span> <span class='ocrx_word' id='word_1_11' title='bbox 1112 165 1183 216; x_wconf 93' lang='lat' dir='ltr'>ut</span> <span class='ocrx_word' id='word_1_12' title='bbox 1201 169 1351 218; x_wconf 89' lang='lat' dir='ltr'>cum</span> <span class='ocrx_word' id='word_1_13' title='bbox 1371 143 1638 245; x_wconf 80' lang='lat' dir='ltr'>singulis</span> <span class='ocrx_word' id='word_1_14' title='bbox 1659 139 2067 218; x_wconf 81' lang='lat' dir='ltr'>vestimentis</span> <span class='ocrx_word' id='word_1_15' title='bbox 2092 144 2375 232; x_wconf 76' lang='lat' dir='ltr'>emitte-</span> 
     </span>
     <span class='ocr_line' id='line_1_3' title="bbox 404 238 2373 345; baseline -0.001 -19"><span class='ocrx_word' id='word_1_16' title='bbox 404 270 658 326; x_wconf 70' lang='lat' dir='ltr'>rentur.</span> <span class='ocrx_word' id='word_1_17' title='bbox 708 247 805 321; x_wconf 89' lang='lat' dir='ltr'>Hi</span> <span class='ocrx_word' id='word_1_18' title='bbox 825 272 1059 320; x_wconf 91' lang='lat' dir='ltr'>omnes</span> <span class='ocrx_word' id='word_1_19' title='bbox 1089 241 1207 317; x_wconf 89' lang='lat' dir='ltr'>sub</span> <span class='ocrx_word' id='word_1_20' title='bbox 1240 246 1472 345; x_wconf 86' lang='lat' dir='ltr'>jugum</span> <span class='ocrx_word' id='word_1_21' title='bbox 1508 242 1699 318; x_wconf 83' lang='lat' dir='ltr'>miffi.</span> <span class='ocrx_word' id='word_1_22' title='bbox 1736 238 1929 316; x_wconf 86' lang='lat' dir='ltr'>sociis</span> <span class='ocrx_word' id='word_1_23' title='bbox 1961 248 2373 325; x_wconf 81' lang='lat' dir='ltr'>Samnitium</span> 
     </span>
     <span class='ocr_line' id='line_1_4' title="bbox 402 340 2376 452; baseline -0.004 -26"><span class='ocrx_word' id='word_1_24' title='bbox 402 349 566 426; x_wconf 80' lang='lat' dir='ltr'>nihil</span> <span class='ocrx_word' id='word_1_25' title='bbox 586 368 849 421; x_wconf 80' lang='lat' dir='ltr'>cautum</span> <span class='ocrx_word' id='word_1_26' title='bbox 866 375 888 419; x_wconf 72' lang='grc' dir='ltr'><strong>ε</strong></span> <span class='ocrx_word' id='word_1_27' title='bbox 920 347 999 420; x_wconf 87' lang='lat' dir='ltr'>ad</span> <span class='ocrx_word' id='word_1_28' title='bbox 1024 344 1276 445; x_wconf 84' lang='lat' dir='ltr'>septem</span> <span class='ocrx_word' id='word_1_29' title='bbox 1292 345 1499 417; x_wconf 84' lang='lat' dir='ltr'>millia</span> <span class='ocrx_word' id='word_1_30' title='bbox 1513 340 1631 416; x_wconf 89' lang='lat' dir='ltr'>sub</span> <span class='ocrx_word' id='word_1_31' title='bbox 1649 368 1898 417; x_wconf 88' lang='lat' dir='ltr'>corona</span> <span class='ocrx_word' id='word_1_32' title='bbox 1919 341 2211 421; x_wconf 65' lang='lat' dir='ltr'>veniere.</span> <span class='ocrx_word' id='word_1_33' title='bbox 2251 353 2376 452; x_wconf 83' lang='lat' dir='ltr'>qui</span> 
     </span>
     <span class='ocr_line' id='line_1_5' title="bbox 400 440 2367 529; baseline -0.001 -5"><span class='ocrx_word' id='word_1_34' title='bbox 400 444 469 524; x_wconf 86' lang='lat' dir='ltr'>se</span> <span class='ocrx_word' id='word_1_35' title='bbox 487 448 705 523; x_wconf 81' lang='lat' dir='ltr'>civem</span> <span class='ocrx_word' id='word_1_36' title='bbox 726 449 1090 523; x_wconf 83' lang='lat' dir='ltr'>Hernicum</span> <span class='ocrx_word' id='word_1_37' title='bbox 1110 446 1370 520; x_wconf 82' lang='lat' dir='ltr'>dixerat</span> <span class='ocrx_word' id='word_1_38' title='bbox 1384 491 1410 529; x_wconf 83' lang='lat'>‚</span> <span class='ocrx_word' id='word_1_39' title='bbox 1442 440 1732 520; x_wconf 89' lang='lat' dir='ltr'>seorsum</span> <span class='ocrx_word' id='word_1_40' title='bbox 1755 445 1827 517; x_wconf 91' lang='lat' dir='ltr'>in</span> <span class='ocrx_word' id='word_1_41' title='bbox 1844 443 2145 519; x_wconf 88' lang='lat' dir='ltr'>custodia</span> <span class='ocrx_word' id='word_1_42' title='bbox 2166 446 2367 522; x_wconf 85' lang='lat' dir='ltr'>habi-</span> 
     </span>
     <span class='ocr_line' id='line_1_6' title="bbox 396 542 2371 627; baseline 0.004 -7"><span class='ocrx_word' id='word_1_43' title='bbox 396 566 532 622; x_wconf 86' lang='lat' dir='ltr'>tus.</span> <span class='ocrx_word' id='word_1_44' title='bbox 579 549 724 623; x_wconf 85' lang='lat' dir='ltr'>Eos</span> <span class='ocrx_word' id='word_1_45' title='bbox 740 571 976 624; x_wconf 84' lang='lat' dir='ltr'>omnes</span> <span class='ocrx_word' id='word_1_46' title='bbox 1001 546 1239 621; x_wconf 81' lang='lat' dir='ltr'>Fabius</span> <span class='ocrx_word' id='word_1_47' title='bbox 1273 549 1570 621; x_wconf 86' lang='lat' dir='ltr'>Romam</span> <span class='ocrx_word' id='word_1_48' title='bbox 1593 543 1675 619; x_wconf 88' lang='lat' dir='ltr'>ad</span> <span class='ocrx_word' id='word_1_49' title='bbox 1711 542 2010 620; x_wconf 88' lang='lat' dir='ltr'>senatum</span> <span class='ocrx_word' id='word_1_50' title='bbox 2029 545 2212 622; x_wconf 72' lang='lat' dir='ltr'>misit</span> <span class='ocrx_word' id='word_1_51' title='bbox 2238 577 2260 622; x_wconf 71' lang='grc' dir='ltr'><strong>ε</strong></span> <span class='ocrx_word' id='word_1_52' title='bbox 2297 560 2371 627; x_wconf 74' lang='grc' dir='ltr'>δι</span> 
     </span>
     <span class='ocr_line' id='line_1_7' title="bbox 398 644 2369 750; baseline -0.003 -28"><span class='ocrx_word' id='word_1_53' title='bbox 398 674 605 750; x_wconf 85' lang='lat' dir='ltr'>quum</span> <span class='ocrx_word' id='word_1_54' title='bbox 625 647 969 749; x_wconf 81' lang='lat' dir='ltr'>quaefitum</span> <span class='ocrx_word' id='word_1_55' title='bbox 1004 644 1164 722; x_wconf 86' lang='lat' dir='ltr'>effet</span> <span class='ocrx_word' id='word_1_56' title='bbox 1181 692 1205 728; x_wconf 84' lang='lat'><strong>,</strong></span> <span class='ocrx_word' id='word_1_57' title='bbox 1243 646 1501 720; x_wconf 72' lang='lat' dir='ltr'>dele&amp;u</span> <span class='ocrx_word' id='word_1_58' title='bbox 1521 691 1547 727; x_wconf 82' lang='lat'>‚</span> <span class='ocrx_word' id='word_1_59' title='bbox 1590 669 1673 716; x_wconf 85' lang='lat' dir='ltr'>an</span> <span class='ocrx_word' id='word_1_60' title='bbox 1707 646 2070 718; x_wconf 76' lang='lat' dir='ltr'>voluntarii</span> <span class='ocrx_word' id='word_1_61' title='bbox 2089 670 2224 745; x_wconf 82' lang='lat' dir='ltr'>pro</span> <span class='ocrx_word' id='word_1_62' title='bbox 2245 654 2369 724; x_wconf 83' lang='lat' dir='ltr'>Sa-</span> 
     </span>
     <span class='ocr_line' id='line_1_8' title="bbox 307 739 2366 844; baseline 0 -24"><span class='ocrx_word' id='word_1_63' title='bbox 307 772 329 820; x_wconf 67' lang='grc' dir='ltr'><em>ε</em></span> <span class='ocrx_word' id='word_1_64' title='bbox 393 748 715 822; x_wconf 84' lang='lat' dir='ltr'>mnitibus</span> <span class='ocrx_word' id='word_1_65' title='bbox 752 745 1061 832; x_wconf 84' lang='lat' dir='ltr'>adversus</span> <span class='ocrx_word' id='word_1_66' title='bbox 1098 750 1449 822; x_wconf 84' lang='lat' dir='ltr'>Romanos</span> <span class='ocrx_word' id='word_1_67' title='bbox 1487 739 1823 819; x_wconf 81' lang='lat' dir='ltr'>bellaffent</span> <span class='ocrx_word' id='word_1_68' title='bbox 1847 774 1869 832; x_wconf 80' lang='lat'>3</span> <span class='ocrx_word' id='word_1_69' title='bbox 1910 770 2033 844; x_wconf 87' lang='lat' dir='ltr'>per</span> <span class='ocrx_word' id='word_1_70' title='bbox 2068 748 2366 823; x_wconf 85' lang='lat' dir='ltr'>Latinos</span> 
     </span>
     <span class='ocr_line' id='line_1_9' title="bbox 394 843 2370 947; baseline 0.002 -27"><span class='ocrx_word' id='word_1_71' title='bbox 394 848 685 946; x_wconf 82' lang='lat' dir='ltr'>populos</span> <span class='ocrx_word' id='word_1_72' title='bbox 707 846 1121 925; x_wconf 73' lang='lat' dir='ltr'>custodiendi</span> <span class='ocrx_word' id='word_1_73' title='bbox 1134 848 1395 921; x_wconf 84' lang='lat' dir='ltr'>dantur.</span> <span class='ocrx_word' id='word_1_74' title='bbox 1406 843 1685 945; x_wconf 82' lang='lat' dir='ltr'>juffique</span> <span class='ocrx_word' id='word_1_75' title='bbox 1696 869 1842 918; x_wconf 87' lang='lat' dir='ltr'>eam</span> <span class='ocrx_word' id='word_1_76' title='bbox 1859 846 2202 947; x_wconf 86' lang='lat' dir='ltr'>integram</span> <span class='ocrx_word' id='word_1_77' title='bbox 2222 874 2370 923; x_wconf 85' lang='lat' dir='ltr'>rem</span> 
     </span>
     <span class='ocr_line' id='line_1_10' title="bbox 391 945 2371 1042; baseline 0.002 -24"><span class='ocrx_word' id='word_1_78' title='bbox 391 948 558 1019; x_wconf 89' lang='lat' dir='ltr'>novi</span> <span class='ocrx_word' id='word_1_79' title='bbox 571 945 875 1022; x_wconf 81' lang='lat' dir='ltr'>consules</span> <span class='ocrx_word' id='word_1_80' title='bbox 899 993 924 1031; x_wconf 79' lang='lat'>‚</span> <span class='ocrx_word' id='word_1_81' title='bbox 949 957 1033 1030; x_wconf 66' lang='grc' dir='ltr'>Ρ,</span> <span class='ocrx_word' id='word_1_82' title='bbox 1051 947 1410 1022; x_wconf 84' lang='lat' dir='ltr'>Cornelius</span> <span class='ocrx_word' id='word_1_83' title='bbox 1427 948 1680 1020; x_wconf 78' lang='lat' dir='ltr'>Arvina</span> <span class='ocrx_word' id='word_1_84' title='bbox 1701 996 1724 1030; x_wconf 90' lang='lat'>,</span> <span class='ocrx_word' id='word_1_85' title='bbox 1746 947 2371 1042; x_wconf 71' lang='lat' dir='ltr'>QMarciusTt-e-</span> 
     </span>
     <span class='ocr_line' id='line_1_11' title="bbox 393 1039 2364 1143; baseline 0.002 -25"><span class='ocrx_word' id='word_1_86' title='bbox 393 1047 612 1119; x_wconf 89' lang='lat' dir='ltr'>mulus</span> <span class='ocrx_word' id='word_1_87' title='bbox 634 1048 722 1135; x_wconf 83' lang='lat' dir='ltr'>(ii</span> <span class='ocrx_word' id='word_1_88' title='bbox 737 1047 917 1122; x_wconf 90' lang='lat' dir='ltr'>enim</span> <span class='ocrx_word' id='word_1_89' title='bbox 931 1050 1064 1143; x_wconf 87' lang='lat' dir='ltr'>jam</span> <span class='ocrx_word' id='word_1_90' title='bbox 1087 1048 1291 1132; x_wconf 85' lang='lat' dir='ltr'>creati</span> <span class='ocrx_word' id='word_1_91' title='bbox 1309 1048 1542 1131; x_wconf 81' lang='lat' dir='ltr'>erant)</span> <span class='ocrx_word' id='word_1_92' title='bbox 1560 1044 1643 1118; x_wconf 86' lang='lat' dir='ltr'>ad</span> <span class='ocrx_word' id='word_1_93' title='bbox 1662 1039 1960 1128; x_wconf 87' lang='lat' dir='ltr'>senatum</span> <span class='ocrx_word' id='word_1_94' title='bbox 1975 1040 2260 1121; x_wconf 88' lang='lat' dir='ltr'>referre.</span> <span class='ocrx_word' id='word_1_95' title='bbox 2297 1046 2364 1122; x_wconf 86' lang='lat' dir='ltr'>id</span> 
     </span>
     <span class='ocr_line' id='line_1_12' title="bbox 392 1144 2365 1247; baseline 0 -30"><span class='ocrx_word' id='word_1_96' title='bbox 392 1169 569 1246; x_wconf 78' lang='lat' dir='ltr'>oegre</span> <span class='ocrx_word' id='word_1_97' title='bbox 583 1145 746 1247; x_wconf 84' lang='lat' dir='ltr'>paffi</span> <span class='ocrx_word' id='word_1_98' title='bbox 762 1147 1037 1221; x_wconf 86' lang='lat' dir='ltr'>Hernici</span> <span class='ocrx_word' id='word_1_99' title='bbox 1055 1178 1078 1234; x_wconf 80' lang='lat'>3</span> <span class='ocrx_word' id='word_1_100' title='bbox 1106 1144 1472 1219; x_wconf 86' lang='lat' dir='ltr'>concilium</span> <span class='ocrx_word' id='word_1_101' title='bbox 1491 1144 1896 1244; x_wconf 79' lang='lat' dir='ltr'>populorum</span> <span class='ocrx_word' id='word_1_102' title='bbox 1912 1145 2221 1219; x_wconf 91' lang='lat' dir='ltr'>omnium</span> <span class='ocrx_word' id='word_1_103' title='bbox 2237 1145 2365 1218; x_wconf 82' lang='lat' dir='ltr'>ha·-</span> 
     </span>
     <span class='ocr_line' id='line_1_13' title="bbox 393 1244 2366 1348; baseline -0.002 -29"><span class='ocrx_word' id='word_1_104' title='bbox 393 1244 707 1320; x_wconf 87' lang='lat' dir='ltr'>bentibus</span> <span class='ocrx_word' id='word_1_105' title='bbox 747 1247 1116 1348; x_wconf 85' lang='lat' dir='ltr'>Anagninis</span> <span class='ocrx_word' id='word_1_106' title='bbox 1136 1292 1159 1329; x_wconf 89' lang='lat'>‚</span> <span class='ocrx_word' id='word_1_107' title='bbox 1189 1247 1259 1317; x_wconf 89' lang='lat' dir='ltr'>in</span> <span class='ocrx_word' id='word_1_108' title='bbox 1277 1245 1502 1326; x_wconf 86' lang='lat' dir='ltr'>circo,</span> <span class='ocrx_word' id='word_1_109' title='bbox 1540 1268 1744 1345; x_wconf 88' lang='lat' dir='ltr'>quem</span> <span class='ocrx_word' id='word_1_110' title='bbox 1776 1244 2196 1319; x_wconf 83' lang='lat' dir='ltr'>Maritimum</span> <span class='ocrx_word' id='word_1_111' title='bbox 2236 1271 2366 1316; x_wconf 85' lang='lat' dir='ltr'>vo-</span> 
     </span>
     <span class='ocr_line' id='line_1_14' title="bbox 391 1345 2361 1447; baseline -0.001 -31"><span class='ocrx_word' id='word_1_112' title='bbox 391 1366 572 1428; x_wconf 86' lang='lat' dir='ltr'>cant,</span> <span class='ocrx_word' id='word_1_113' title='bbox 585 1367 820 1447; x_wconf 81' lang='lat' dir='ltr'>praeter</span> <span class='ocrx_word' id='word_1_114' title='bbox 833 1347 1275 1419; x_wconf 86' lang='lat' dir='ltr'>Alatrinatem</span> <span class='ocrx_word' id='word_1_115' title='bbox 1295 1345 1917 1443; x_wconf 80' lang='lat' dir='ltr'>Ferentinatemque</span> <span class='ocrx_word' id='word_1_116' title='bbox 1936 1398 1957 1427; x_wconf 88' lang='lat'><em>,</em></span> <span class='ocrx_word' id='word_1_117' title='bbox 1979 1354 2048 1420; x_wconf 87' lang='lat'>&amp;</span> <span class='ocrx_word' id='word_1_118' title='bbox 2066 1347 2361 1417; x_wconf 74' lang='lat' dir='ltr'>Verula-</span> 
     </span>
     <span class='ocr_line' id='line_1_15' title="bbox 392 1441 2342 1543; baseline 0.001 -26"><span class='ocrx_word' id='word_1_119' title='bbox 392 1468 549 1518; x_wconf 86' lang='lat' dir='ltr'>num</span> <span class='ocrx_word' id='word_1_120' title='bbox 569 1492 593 1528; x_wconf 79' lang='lat'>‚</span> <span class='ocrx_word' id='word_1_121' title='bbox 613 1472 848 1520; x_wconf 87' lang='lat' dir='ltr'>omnes</span> <span class='ocrx_word' id='word_1_122' title='bbox 865 1447 1146 1520; x_wconf 81' lang='lat' dir='ltr'>Hernici</span> <span class='ocrx_word' id='word_1_123' title='bbox 1162 1444 1446 1517; x_wconf 89' lang='lat' dir='ltr'>nominis</span> <span class='ocrx_word' id='word_1_124' title='bbox 1470 1444 1727 1543; x_wconf 84' lang='lat' dir='ltr'>populo</span> <span class='ocrx_word' id='word_1_125' title='bbox 1751 1446 2073 1522; x_wconf 89' lang='lat' dir='ltr'>Romano</span> <span class='ocrx_word' id='word_1_126' title='bbox 2090 1441 2342 1518; x_wconf 85' lang='lat' dir='ltr'>bellum</span> 
     </span>
     <span class='ocr_line' id='line_1_16' title="bbox 281 1539 2349 1645; baseline -0 -29"><span class='ocrx_word' id='word_1_127' title='bbox 281 1560 375 1640; x_wconf 70' lang='lat'>43</span> <span class='ocrx_word' id='word_1_128' title='bbox 394 1544 790 1619; x_wconf 85' lang='lat' dir='ltr'>indixerunt.</span> <span class='ocrx_word' id='word_1_129' title='bbox 846 1551 930 1617; x_wconf 90' lang='lat' dir='ltr'>In</span> <span class='ocrx_word' id='word_1_130' title='bbox 956 1547 1226 1620; x_wconf 87' lang='lat' dir='ltr'>Samnio</span> <span class='ocrx_word' id='word_1_131' title='bbox 1261 1568 1534 1645; x_wconf 89' lang='lat' dir='ltr'>quoque</span> <span class='ocrx_word' id='word_1_132' title='bbox 1559 1588 1582 1624; x_wconf 84' lang='lat'><strong>,</strong></span> <span class='ocrx_word' id='word_1_133' title='bbox 1607 1544 1762 1640; x_wconf 86' lang='lat' dir='ltr'>quia</span> <span class='ocrx_word' id='word_1_134' title='bbox 1798 1539 2160 1616; x_wconf 71' lang='lat' dir='ltr'>decesserat</span> <span class='ocrx_word' id='word_1_135' title='bbox 2196 1542 2349 1620; x_wconf 85' lang='lat' dir='ltr'>inde</span> 
     </span>
     <span class='ocr_line' id='line_1_17' title="bbox 394 1641 2347 1743; baseline -0.001 -26"><span class='ocrx_word' id='word_1_136' title='bbox 394 1645 658 1727; x_wconf 77' lang='lat' dir='ltr'>Fabius,</span> <span class='ocrx_word' id='word_1_137' title='bbox 678 1645 842 1717; x_wconf 87' lang='lat' dir='ltr'>novi</span> <span class='ocrx_word' id='word_1_138' title='bbox 854 1668 1074 1718; x_wconf 84' lang='lat' dir='ltr'>motus</span> <span class='ocrx_word' id='word_1_139' title='bbox 1092 1648 1334 1718; x_wconf 82' lang='lat' dir='ltr'>exorti.</span> <span class='ocrx_word' id='word_1_140' title='bbox 1358 1642 1615 1728; x_wconf 75' lang='lat' dir='ltr'>Calatia</span> <span class='ocrx_word' id='word_1_141' title='bbox 1633 1649 1700 1716; x_wconf 69' lang='grc' dir='ltr'>δι</span> <span class='ocrx_word' id='word_1_142' title='bbox 1721 1649 1907 1722; x_wconf 87' lang='lat' dir='ltr'>Sora,</span> <span class='ocrx_word' id='word_1_143' title='bbox 1925 1641 2347 1743; x_wconf 70' lang='lat' dir='ltr'>praesidiaque</span> 
     </span>
     <span class='ocr_line' id='line_1_18' title="bbox 389 1740 2342 1843; baseline 0 -28"><span class='ocrx_word' id='word_1_144' title='bbox 389 1768 540 1841; x_wconf 81' lang='lat' dir='ltr'>quae</span> <span class='ocrx_word' id='word_1_145' title='bbox 556 1745 623 1815; x_wconf 91' lang='lat' dir='ltr'>in</span> <span class='ocrx_word' id='word_1_146' title='bbox 640 1745 719 1815; x_wconf 88' lang='lat' dir='ltr'>iis</span> <span class='ocrx_word' id='word_1_147' title='bbox 742 1748 1053 1818; x_wconf 86' lang='lat' dir='ltr'>Romana</span> <span class='ocrx_word' id='word_1_148' title='bbox 1068 1767 1254 1816; x_wconf 89' lang='lat' dir='ltr'>erant</span> <span class='ocrx_word' id='word_1_149' title='bbox 1275 1792 1299 1827; x_wconf 88' lang='lat'><strong>,</strong></span> <span class='ocrx_word' id='word_1_150' title='bbox 1318 1760 1723 1843; x_wconf 83' lang='lat' dir='ltr'>expugnata:</span> <span class='ocrx_word' id='word_1_151' title='bbox 1748 1748 1813 1814; x_wconf 77' lang='grc' dir='ltr'>δι</span> <span class='ocrx_word' id='word_1_152' title='bbox 1837 1740 1907 1812; x_wconf 89' lang='lat' dir='ltr'>in</span> <span class='ocrx_word' id='word_1_153' title='bbox 1923 1767 2000 1812; x_wconf 91' lang='lat' dir='ltr'>ca</span> <span class='ocrx_word' id='word_1_154' title='bbox 2049 1741 2342 1815; x_wconf 74' lang='lat' dir='ltr'>tivorum</span> 
     </span>
     <span class='ocr_line' id='line_1_19' title="bbox 386 1839 2341 1940; baseline -0.002 -27"><span class='ocrx_word' id='word_1_155' title='bbox 386 1845 966 1940; x_wconf 84' lang='lat' dir='ltr'>corporamilitum</span> <span class='ocrx_word' id='word_1_156' title='bbox 987 1842 1166 1916; x_wconf 80' lang='lat' dir='ltr'>foede</span> <span class='ocrx_word' id='word_1_157' title='bbox 1184 1839 1496 1914; x_wconf 81' lang='lat' dir='ltr'>saevitum.</span> <span class='ocrx_word' id='word_1_158' title='bbox 1534 1844 1757 1938; x_wconf 89' lang='lat' dir='ltr'>itaque</span> <span class='ocrx_word' id='word_1_159' title='bbox 1786 1864 1873 1912; x_wconf 89' lang='lat' dir='ltr'>eo</span> <span class='ocrx_word' id='word_1_160' title='bbox 1891 1847 1963 1913; x_wconf 87' lang='grc' dir='ltr'>Ρ.</span> <span class='ocrx_word' id='word_1_161' title='bbox 2050 1842 2341 1914; x_wconf 77' lang='lat' dir='ltr'>ornelius</span> 
     </span>
     <span class='ocr_line' id='line_1_20' title="bbox 387 1938 2336 2035; baseline 0.002 -25"><span class='ocrx_word' id='word_1_162' title='bbox 387 1962 541 2010; x_wconf 86' lang='lat' dir='ltr'>cum</span> <span class='ocrx_word' id='word_1_163' title='bbox 573 1941 867 2013; x_wconf 82' lang='lat' dir='ltr'>exercitu</span> <span class='ocrx_word' id='word_1_164' title='bbox 901 1939 1144 2014; x_wconf 76' lang='lat' dir='ltr'>missus.</span> <span class='ocrx_word' id='word_1_165' title='bbox 1195 1941 1456 2014; x_wconf 88' lang='lat' dir='ltr'>Marcio</span> <span class='ocrx_word' id='word_1_166' title='bbox 1488 1942 1647 2012; x_wconf 88' lang='lat' dir='ltr'>novi</span> <span class='ocrx_word' id='word_1_167' title='bbox 1680 1938 1904 2010; x_wconf 86' lang='lat' dir='ltr'>hostes</span> <span class='ocrx_word' id='word_1_168' title='bbox 1943 1942 2122 2035; x_wconf 85' lang='lat' dir='ltr'>(jam</span> <span class='ocrx_word' id='word_1_169' title='bbox 2158 1941 2336 2014; x_wconf 87' lang='lat' dir='ltr'>enim</span> 
     </span>
     <span class='ocr_line' id='line_1_21' title="bbox 388 2034 2342 2138; baseline -0.001 -27"><span class='ocrx_word' id='word_1_170' title='bbox 388 2038 760 2136; x_wconf 81' lang='lat' dir='ltr'>Anagninis</span> <span class='ocrx_word' id='word_1_171' title='bbox 782 2035 1378 2138; x_wconf 84' lang='lat' dir='ltr'>Hernicisque&#39;aliis</span> <span class='ocrx_word' id='word_1_172' title='bbox 1403 2039 1651 2112; x_wconf 88' lang='lat' dir='ltr'>bellum</span> <span class='ocrx_word' id='word_1_173' title='bbox 1671 2034 1901 2133; x_wconf 77' lang='lat' dir='ltr'>jussum</span> <span class='ocrx_word' id='word_1_174' title='bbox 1920 2050 2092 2123; x_wconf 87' lang='lat' dir='ltr'>erat)</span> <span class='ocrx_word' id='word_1_175' title='bbox 2113 2039 2342 2112; x_wconf 88' lang='lat' dir='ltr'>decer·</span> 
     </span>
     <span class='ocr_line' id='line_1_22' title="bbox 388 2136 2345 2239; baseline -0.002 -26"><span class='ocrx_word' id='word_1_176' title='bbox 388 2160 659 2213; x_wconf 86' lang='lat' dir='ltr'>nuntur.</span> <span class='ocrx_word' id='word_1_177' title='bbox 705 2137 1037 2215; x_wconf 88' lang='lat' dir='ltr'>Primoita</span> <span class='ocrx_word' id='word_1_178' title='bbox 1056 2138 1283 2213; x_wconf 87' lang='lat' dir='ltr'>omnia</span> <span class='ocrx_word' id='word_1_179' title='bbox 1296 2158 1680 2239; x_wconf 84' lang='lat' dir='ltr'>opportuna</span> <span class='ocrx_word' id='word_1_180' title='bbox 1719 2141 1874 2211; x_wconf 87' lang='lat' dir='ltr'>loca</span> <span class='ocrx_word' id='word_1_181' title='bbox 1907 2136 2135 2213; x_wconf 84' lang='lat' dir='ltr'>hostes</span> <span class='ocrx_word' id='word_1_182' title='bbox 2175 2139 2345 2211; x_wconf 88' lang='lat' dir='ltr'>inter</span> 
     </span>
     <span class='ocr_line' id='line_1_23' title="bbox 388 2234 2336 2338; baseline -0.001 -29"><span class='ocrx_word' id='word_1_183' title='bbox 388 2234 728 2312; x_wconf 86' lang='lat' dir='ltr'>consulum</span> <span class='ocrx_word' id='word_1_184' title='bbox 747 2240 950 2314; x_wconf 80' lang='lat' dir='ltr'>eastra</span> <span class='ocrx_word' id='word_1_185' title='bbox 967 2240 1461 2338; x_wconf 81' lang='lat' dir='ltr'>interceperunt</span> <span class='ocrx_word' id='word_1_186' title='bbox 1474 2285 1497 2321; x_wconf 85' lang='lat'><strong>,</strong></span> <span class='ocrx_word' id='word_1_187' title='bbox 1532 2260 1603 2310; x_wconf 89' lang='lat' dir='ltr'>ut</span> <span class='ocrx_word' id='word_1_188' title='bbox 1619 2239 1978 2336; x_wconf 86' lang='lat' dir='ltr'>pervadere</span> <span class='ocrx_word' id='word_1_189' title='bbox 1994 2238 2336 2335; x_wconf 77' lang='lat' dir='ltr'>expeditus</span> 
     </span>
     <span class='ocr_line' id='line_1_24' title="bbox 385 2337 2335 2439; baseline -0.001 -29"><span class='ocrx_word' id='word_1_190' title='bbox 385 2340 664 2411; x_wconf 88' lang='lat' dir='ltr'>nuncius</span> <span class='ocrx_word' id='word_1_191' title='bbox 699 2365 835 2413; x_wconf 90' lang='lat' dir='ltr'>non</span> <span class='ocrx_word' id='word_1_192' title='bbox 851 2337 1062 2438; x_wconf 75' lang='lat' dir='ltr'>posset</span> <span class='ocrx_word' id='word_1_193' title='bbox 1084 2384 1107 2421; x_wconf 85' lang='lat'><strong>‚</strong></span> <span class='ocrx_word' id='word_1_194' title='bbox 1138 2351 1203 2415; x_wconf 76' lang='grc' dir='ltr'>δι</span> <span class='ocrx_word' id='word_1_195' title='bbox 1237 2364 1353 2436; x_wconf 86' lang='lat' dir='ltr'>per</span> <span class='ocrx_word' id='word_1_196' title='bbox 1385 2341 1645 2439; x_wconf 85' lang='lat' dir='ltr'>aliquot</span> <span class='ocrx_word' id='word_1_197' title='bbox 1679 2338 1820 2410; x_wconf 85' lang='lat' dir='ltr'>dies</span> <span class='ocrx_word' id='word_1_198' title='bbox 1856 2338 2090 2410; x_wconf 77' lang='lat' dir='ltr'>incerti</span> <span class='ocrx_word' id='word_1_199' title='bbox 2117 2362 2335 2410; x_wconf 88' lang='lat' dir='ltr'>rerum</span> 
     </span>
     <span class='ocr_line' id='line_1_25' title="bbox 383 2434 2339 2540; baseline -0.002 -31"><span class='ocrx_word' id='word_1_200' title='bbox 383 2439 683 2511; x_wconf 90' lang='lat' dir='ltr'>omnium</span> <span class='ocrx_word' id='word_1_201' title='bbox 705 2486 724 2519; x_wconf 80' lang='lat'>‚</span> <span class='ocrx_word' id='word_1_202' title='bbox 744 2436 1154 2540; x_wconf 67' lang='lat' dir='ltr'>suspensique</span> <span class='ocrx_word' id='word_1_203' title='bbox 1174 2440 1255 2511; x_wconf 92' lang='lat' dir='ltr'>de</span> <span class='ocrx_word' id='word_1_204' title='bbox 1277 2436 1442 2511; x_wconf 87' lang='lat' dir='ltr'>statu</span> <span class='ocrx_word' id='word_1_205' title='bbox 1463 2438 1727 2510; x_wconf 83' lang='lat' dir='ltr'>alterius</span> <span class='ocrx_word' id='word_1_206' title='bbox 1745 2483 1769 2519; x_wconf 81' lang='lat'>‚</span> <span class='ocrx_word' id='word_1_207' title='bbox 1810 2459 2088 2537; x_wconf 87' lang='lat' dir='ltr'>uterque</span> <span class='ocrx_word' id='word_1_208' title='bbox 2113 2434 2339 2511; x_wconf 87' lang='lat' dir='ltr'>consul</span> 
     </span>
     <span class='ocr_line' id='line_1_26' title="bbox 385 2536 2339 2640; baseline -0.003 -29"><span class='ocrx_word' id='word_1_209' title='bbox 385 2559 617 2636; x_wconf 82' lang='lat' dir='ltr'>ageret</span> <span class='ocrx_word' id='word_1_210' title='bbox 637 2584 660 2620; x_wconf 85' lang='lat'><strong>,</strong></span> <span class='ocrx_word' id='word_1_211' title='bbox 676 2543 1103 2640; x_wconf 87' lang='lat' dir='ltr'>Romamque</span> <span class='ocrx_word' id='word_1_212' title='bbox 1120 2542 1172 2608; x_wconf 91' lang='lat' dir='ltr'>is</span> <span class='ocrx_word' id='word_1_213' title='bbox 1189 2560 1403 2610; x_wconf 88' lang='lat' dir='ltr'>metus</span> <span class='ocrx_word' id='word_1_214' title='bbox 1417 2558 1710 2610; x_wconf 86' lang='lat' dir='ltr'>manaret</span> <span class='ocrx_word' id='word_1_215' title='bbox 1733 2565 1756 2607; x_wconf 72' lang='grc' dir='ltr'>ι</span> <span class='ocrx_word' id='word_1_216' title='bbox 1773 2536 1944 2608; x_wconf 76' lang='lat' dir='ltr'>adeo</span> <span class='ocrx_word' id='word_1_217' title='bbox 1964 2585 1988 2619; x_wconf 88' lang='lat'><strong>,</strong></span> <span class='ocrx_word' id='word_1_218' title='bbox 2013 2561 2087 2609; x_wconf 92' lang='lat' dir='ltr'>ut</span> <span class='ocrx_word' id='word_1_219' title='bbox 2107 2562 2339 2610; x_wconf 88' lang='lat' dir='ltr'>omnes</span> 
     </span>
     <span class='ocr_line' id='line_1_27' title="bbox 269 2635 2343 2737; baseline 0 -31"><span class='ocrx_word' id='word_1_220' title='bbox 269 2666 275 2673; x_wconf 90' lang='lat'><strong>·</strong></span> <span class='ocrx_word' id='word_1_221' title='bbox 384 2636 680 2730; x_wconf 84' lang='lat' dir='ltr'>juniores</span> <span class='ocrx_word' id='word_1_222' title='bbox 698 2635 1111 2712; x_wconf 88' lang='lat' dir='ltr'>sacramento</span> <span class='ocrx_word' id='word_1_223' title='bbox 1124 2638 1771 2737; x_wconf 83' lang='lat' dir='ltr'>adigerentur,atque</span> <span class='ocrx_word' id='word_1_224' title='bbox 1790 2637 1871 2709; x_wconf 87' lang='lat' dir='ltr'>ad</span> <span class='ocrx_word' id='word_1_225' title='bbox 1890 2635 2109 2710; x_wconf 86' lang='lat' dir='ltr'>subita</span> <span class='ocrx_word' id='word_1_226' title='bbox 2128 2662 2343 2710; x_wconf 88' lang='lat' dir='ltr'>rerum</span> 
     </span>
     <span class='ocr_line' id='line_1_28' title="bbox 385 2733 2342 2828; baseline 0.001 -22"><span class='ocrx_word' id='word_1_227' title='bbox 385 2734 522 2806; x_wconf 88' lang='lat' dir='ltr'>duo</span> <span class='ocrx_word' id='word_1_228' title='bbox 543 2735 693 2828; x_wconf 85' lang='lat' dir='ltr'>justi</span> <span class='ocrx_word' id='word_1_229' title='bbox 730 2733 1169 2812; x_wconf 87' lang='lat' dir='ltr'>scriberentur</span> <span class='ocrx_word' id='word_1_230' title='bbox 1203 2737 1554 2810; x_wconf 86' lang='lat' dir='ltr'>exercitus.</span> <span class='ocrx_word' id='word_1_231' title='bbox 1605 2738 1943 2808; x_wconf 81' lang='lat' dir='ltr'>Caeterum</span> <span class='ocrx_word' id='word_1_232' title='bbox 1971 2738 2342 2811; x_wconf 84' lang='lat' dir='ltr'>Hernicum</span> 
     </span>
     <span class='ocr_line' id='line_1_29' title="bbox 387 2832 2349 2937; baseline 0.001 -32"><span class='ocrx_word' id='word_1_233' title='bbox 387 2832 638 2906; x_wconf 87' lang='lat' dir='ltr'>bellum</span> <span class='ocrx_word' id='word_1_234' title='bbox 658 2860 875 2937; x_wconf 88' lang='lat' dir='ltr'>nequa</span> <span class='ocrx_word' id='word_1_235' title='bbox 927 2861 1075 2909; x_wconf 85' lang='lat' dir='ltr'>uam</span> <span class='ocrx_word' id='word_1_236' title='bbox 1116 2859 1241 2931; x_wconf 90' lang='lat' dir='ltr'>pro</span> <span class='ocrx_word' id='word_1_237' title='bbox 1270 2833 1571 2931; x_wconf 76' lang='lat' dir='ltr'>praesenti</span> <span class='ocrx_word' id='word_1_238' title='bbox 1610 2857 1867 2907; x_wconf 87' lang='lat' dir='ltr'>terrore</span> <span class='ocrx_word' id='word_1_239' title='bbox 1904 2860 1992 2913; x_wconf 57' lang='lat' dir='ltr'>ac,</span> <span class='ocrx_word' id='word_1_240' title='bbox 2017 2836 2349 2907; x_wconf 84' lang='lat' dir='ltr'>vetustate</span> 
     </span>
     <span class='ocr_line' id='line_1_30' title="bbox 383 2931 2352 3034; baseline 0 -30"><span class='ocrx_word' id='word_1_241' title='bbox 383 2941 603 3034; x_wconf 81' lang='lat' dir='ltr'>gentis</span> <span class='ocrx_word' id='word_1_242' title='bbox 623 2937 855 3034; x_wconf 78' lang='lat' dir='ltr'>gloriae</span> <span class='ocrx_word' id='word_1_243' title='bbox 906 2937 1025 3015; x_wconf 84' lang='lat' dir='ltr'>uit.</span> <span class='ocrx_word' id='word_1_244' title='bbox 1061 2936 1222 3009; x_wconf 89' lang='lat' dir='ltr'>nihil</span> <span class='ocrx_word' id='word_1_245' title='bbox 1245 2933 1514 3034; x_wconf 88' lang='lat' dir='ltr'>usquam</span> <span class='ocrx_word' id='word_1_246' title='bbox 1539 2935 1718 3006; x_wconf 69' lang='lat' dir='ltr'>dieta</span> <span class='ocrx_word' id='word_1_247' title='bbox 1736 2933 2006 3034; x_wconf 86' lang='lat' dir='ltr'>dignum</span> <span class='ocrx_word' id='word_1_248' title='bbox 2020 2931 2147 3004; x_wconf 87' lang='lat' dir='ltr'>aufi</span> <span class='ocrx_word' id='word_1_249' title='bbox 2165 2975 2187 3017; x_wconf 78' lang='lat'>,</span> <span class='ocrx_word' id='word_1_250' title='bbox 2219 2934 2352 3004; x_wconf 86' lang='lat' dir='ltr'>tri·</span> 
     </span>
     <span class='ocr_line' id='line_1_31' title="bbox 386 3033 2352 3133; baseline 0.002 -30"><span class='ocrx_word' id='word_1_251' title='bbox 386 3033 487 3104; x_wconf 87' lang='lat' dir='ltr'>nis</span> <span class='ocrx_word' id='word_1_252' title='bbox 514 3033 737 3106; x_wconf 89' lang='lat' dir='ltr'>castris</span> <span class='ocrx_word' id='word_1_253' title='bbox 768 3036 938 3107; x_wconf 87' lang='lat' dir='ltr'>intra</span> <span class='ocrx_word' id='word_1_254' title='bbox 961 3059 1204 3132; x_wconf 85' lang='lat' dir='ltr'>paucos</span> <span class='ocrx_word' id='word_1_255' title='bbox 1234 3034 1376 3106; x_wconf 88' lang='lat' dir='ltr'>dies</span> <span class='ocrx_word' id='word_1_256' title='bbox 1399 3034 1627 3114; x_wconf 84' lang='lat' dir='ltr'>exuti,</span> <span class='ocrx_word' id='word_1_257' title='bbox 1666 3033 1940 3133; x_wconf 86' lang='lat' dir='ltr'>triginta</span> <span class='ocrx_word' id='word_1_258' title='bbox 1956 3033 2214 3106; x_wconf 88' lang='lat' dir='ltr'>dierum</span> <span class='ocrx_word' id='word_1_259' title='bbox 2238 3036 2352 3106; x_wconf 88' lang='lat' dir='ltr'>in-</span> 
     </span>
     <span class='ocr_line' id='line_1_32' title="bbox 385 3130 2348 3231; baseline 0.001 -28"><span class='ocrx_word' id='word_1_260' title='bbox 385 3133 607 3203; x_wconf 79' lang='lat' dir='ltr'>ducias</span> <span class='ocrx_word' id='word_1_261' title='bbox 624 3177 646 3210; x_wconf 87' lang='lat'>,</span> <span class='ocrx_word' id='word_1_262' title='bbox 679 3134 771 3204; x_wconf 86' lang='lat' dir='ltr'>ita</span> <span class='ocrx_word' id='word_1_263' title='bbox 809 3156 883 3205; x_wconf 90' lang='lat' dir='ltr'>ut</span> <span class='ocrx_word' id='word_1_264' title='bbox 921 3137 1001 3205; x_wconf 86' lang='lat' dir='ltr'>ad</span> <span class='ocrx_word' id='word_1_265' title='bbox 1031 3130 1324 3206; x_wconf 89' lang='lat' dir='ltr'>senatum</span> <span class='ocrx_word' id='word_1_266' title='bbox 1347 3136 1638 3227; x_wconf 81' lang='lat' dir='ltr'>Romam</span> <span class='ocrx_word' id='word_1_267' title='bbox 1672 3134 1931 3231; x_wconf 77' lang='lat' dir='ltr'>legatos</span> <span class='ocrx_word' id='word_1_268' title='bbox 1968 3134 2348 3214; x_wconf 84' lang='lat' dir='ltr'>mitterent,</span> 
     </span>
     <span class='ocr_line' id='line_1_33' title="bbox 385 3227 2348 3344; baseline 0.002 -43"><span class='ocrx_word' id='word_1_269' title='bbox 385 3233 559 3344; x_wconf 68' lang='lat' dir='ltr'>paffi</span> <span class='ocrx_word' id='word_1_270' title='bbox 582 3227 728 3304; x_wconf 89' lang='lat' dir='ltr'>sunt</span> <span class='ocrx_word' id='word_1_271' title='bbox 746 3231 1041 3306; x_wconf 87' lang='lat' dir='ltr'>bimestri</span> <span class='ocrx_word' id='word_1_272' title='bbox 1078 3231 1404 3329; x_wconf 85' lang='lat' dir='ltr'>stipendio</span> <span class='ocrx_word' id='word_1_273' title='bbox 1424 3229 1898 3333; x_wconf 87' lang='lat' dir='ltr'>frumentoque</span> <span class='ocrx_word' id='word_1_274' title='bbox 1919 3278 1944 3314; x_wconf 83' lang='lat'>‚</span> <span class='ocrx_word' id='word_1_275' title='bbox 1975 3244 2042 3309; x_wconf 87' lang='lat'>&amp;</span> <span class='ocrx_word' id='word_1_276' title='bbox 2072 3232 2348 3335; x_wconf 72' lang='lat' dir='ltr'>singulis</span> 
     </span>
     <span class='ocr_line' id='line_1_34' title="bbox 380 3330 2350 3425; baseline 0.002 -24"><span class='ocrx_word' id='word_1_277' title='bbox 380 3354 451 3401; x_wconf 77' lang='lat' dir='ltr'>in</span> <span class='ocrx_word' id='word_1_278' title='bbox 474 3333 750 3404; x_wconf 89' lang='lat' dir='ltr'>militem</span> <span class='ocrx_word' id='word_1_279' title='bbox 765 3334 1028 3405; x_wconf 85' lang='lat' dir='ltr'>tunicis.</span> <span class='ocrx_word' id='word_1_280' title='bbox 1081 3334 1193 3404; x_wconf 85' lang='lat' dir='ltr'>Ab</span> <span class='ocrx_word' id='word_1_281' title='bbox 1208 3330 1522 3404; x_wconf 86' lang='lat' dir='ltr'>senatuad</span> <span class='ocrx_word' id='word_1_282' title='bbox 1550 3334 1876 3405; x_wconf 87' lang='lat' dir='ltr'>Marcium</span> <span class='ocrx_word' id='word_1_283' title='bbox 1912 3335 2150 3425; x_wconf 71' lang='lat' dir='ltr'>rejeffi</span> <span class='ocrx_word' id='word_1_284' title='bbox 2172 3380 2195 3413; x_wconf 87' lang='lat'>‚</span> <span class='ocrx_word' id='word_1_285' title='bbox 2235 3332 2350 3411; x_wconf 81' lang='lat' dir='ltr'>cui</span> 
     </span>
     <span class='ocr_line' id='line_1_35' title="bbox 379 3428 2348 3529; baseline -0.001 -23"><span class='ocrx_word' id='word_1_286' title='bbox 379 3429 665 3506; x_wconf 86' lang='lat' dir='ltr'>Senatus</span> <span class='ocrx_word' id='word_1_287' title='bbox 654 3429 826 3505; x_wconf 89' lang='lat' dir='ltr'>cons</span> <span class='ocrx_word' id='word_1_288' title='bbox 815 3436 959 3505; x_wconf 85' lang='lat' dir='ltr'>ulto</span> <span class='ocrx_word' id='word_1_289' title='bbox 983 3429 1354 3519; x_wconf 72' lang='lat' dir='ltr'>permissum</span> <span class='ocrx_word' id='word_1_290' title='bbox 1375 3433 1460 3503; x_wconf 91' lang='lat' dir='ltr'>de</span> <span class='ocrx_word' id='word_1_291' title='bbox 1474 3433 1784 3505; x_wconf 86' lang='lat' dir='ltr'>Hernicis</span> <span class='ocrx_word' id='word_1_292' title='bbox 1802 3454 1965 3503; x_wconf 86' lang='lat' dir='ltr'>erat:</span> <span class='ocrx_word' id='word_1_293' title='bbox 1987 3428 2176 3529; x_wconf 87' lang='lat' dir='ltr'>isque</span> <span class='ocrx_word' id='word_1_294' title='bbox 2193 3458 2348 3505; x_wconf 79' lang='lat' dir='ltr'>earn</span> 
     </span>
     <span class='ocr_line' id='line_1_36' title="bbox 377 3531 2353 3704; baseline 0 -102"><span class='ocrx_word' id='word_1_295' title='bbox 377 3554 647 3704; x_wconf 46' lang='lat' dir='ltr'>{entem</span> <span class='ocrx_word' id='word_1_296' title='bbox 666 3533 733 3602; x_wconf 91' lang='lat' dir='ltr'>in</span> <span class='ocrx_word' id='word_1_297' title='bbox 753 3533 1162 3604; x_wconf 88' lang='lat' dir='ltr'>deditionem</span> <span class='ocrx_word' id='word_1_298' title='bbox 1185 3532 1457 3628; x_wconf 85' lang='lat' dir='ltr'>accepit.</span> <span class='ocrx_word' id='word_1_299' title='bbox 1512 3533 1598 3602; x_wconf 81' lang='lat' dir='ltr'>Et</span> <span class='ocrx_word' id='word_1_300' title='bbox 1614 3531 1679 3602; x_wconf 92' lang='lat' dir='ltr'>in</span> <span class='ocrx_word' id='word_1_301' title='bbox 1696 3533 1962 3605; x_wconf 90' lang='lat' dir='ltr'>Samnio</span> <span class='ocrx_word' id='word_1_302' title='bbox 1982 3534 2155 3605; x_wconf 85' lang='lat' dir='ltr'>alter</span> <span class='ocrx_word' id='word_1_303' title='bbox 2176 3557 2353 3603; x_wconf 88' lang='lat' dir='ltr'>con·</span> 
     </span>
    </p>
   </div>
   <div class='ocr_carea' id='block_1_2' title="bbox 410 3627 2354 3803">
    <p class='ocr_par' dir='ltr' id='par_1_2' title="bbox 410 3627 2354 3803">
     <span class='ocr_line' id='line_1_37' title="bbox 410 3627 2351 3730; baseline 0 -30"><span class='ocrx_word' id='word_1_304' title='bbox 410 3633 472 3701; x_wconf 91' lang='lat' dir='ltr'>ul</span> <span class='ocrx_word' id='word_1_305' title='bbox 493 3627 780 3729; x_wconf 85' lang='lat' dir='ltr'>superior</span> <span class='ocrx_word' id='word_1_306' title='bbox 802 3632 1049 3704; x_wconf 87' lang='lat' dir='ltr'>viribus</span> <span class='ocrx_word' id='word_1_307' title='bbox 1076 3679 1097 3715; x_wconf 88' lang='lat'><strong>,</strong></span> <span class='ocrx_word' id='word_1_308' title='bbox 1129 3633 1295 3703; x_wconf 89' lang='lat' dir='ltr'>locis</span> <span class='ocrx_word' id='word_1_309' title='bbox 1316 3631 1699 3730; x_wconf 79' lang='lat' dir='ltr'>impeditior</span> <span class='ocrx_word' id='word_1_310' title='bbox 1732 3654 1895 3704; x_wconf 85' lang='lat' dir='ltr'>erat.</span> <span class='ocrx_word' id='word_1_311' title='bbox 1944 3632 2210 3703; x_wconf 87' lang='lat' dir='ltr'>Omnia</span> <span class='ocrx_word' id='word_1_312' title='bbox 2237 3632 2351 3700; x_wconf 89' lang='lat' dir='ltr'>iti·</span> 
     </span>
     <span class='ocr_line' id='line_1_38' title="bbox 1449 3744 2354 3803; baseline -0.004 1"><span class='ocrx_word' id='word_1_313' title='bbox 1449 3751 1458 3758; x_wconf 83' lang='grc'><em>·</em></span> <span class='ocrx_word' id='word_1_314' title='bbox 2180 3744 2354 3803; x_wconf 85' lang='lat' dir='ltr'>nera&#39;</span> 
     </span>
    </p>
   </div>
  </div>
 </body>
</html>
