2593 4366
930 139 991 216 L
1043 161 1071 210 1
1116 162 1154 208 n
1205 163 1244 210 ε
1292 164 1340 212 R
1442 142 1552 210 11.
2094 137 2227 234 '195

248 234 387 307 cies
413 251 825 314 armatorum
847 240 1168 328 peditum,
1185 264 1355 336 quos
1381 249 1444 332 ξι
1466 241 1683 336 plures
1700 233 1822 310 esse
1846 288 1869 321 ,
1886 247 1951 313 &
1978 240 2235 311 Roma-

247 360 374 406 nos
394 333 1051 430 putabant‚fremitus
1077 335 1492 437 hinnitusque
1513 362 1836 437 equorum
1860 384 1880 418 ‚
1901 340 2012 438 qui
2037 348 2100 413 8(
2120 339 2234 408 in·

250 431 429 503 sueto
450 431 726 506 sedente
744 437 967 535 equite
992 488 1013 521 ,
1052 448 1119 510 &
1157 432 1415 533 insuper
1451 455 1634 509 aures
1668 438 1956 537 agitante
1992 434 2234 516 sonitu,

253 529 602 604 saeviebant
627 580 649 611 ‚
687 535 978 607 intentos
1021 539 1201 607 velut
1228 537 1306 607 ad
1347 538 1663 634 impetum
1685 536 1970 608 hostium
1995 538 2227 607 tenuit.

256 627 395 720 Ubi
417 634 654 713 illuxit,
680 637 1022 706 Romanus
1048 638 1302 734 integer
1326 633 1709 734 satiatusque
1752 634 1986 709 somno
2013 689 2035 720 ‚
2073 660 2218 733 pro·
2247 649 2333 739 65

257 730 480 801 duc‘tus
502 734 570 802 in
597 734 804 804 aciem
830 765 850 820 ;
893 731 1115 806 feffum
1140 734 1368 806 stando
1390 745 1453 811 &
1475 735 1712 832 vigiliis
1748 735 2068 809 Volscum
2091 737 2225 833 pri-

259 856 371 930 mo
397 833 647 929 impetu
667 836 967 928 percul't.
1023 861 1420 935 quamquam
1462 833 1700 905 ceil'erc
1734 838 1938 934 magis
1959 881 1980 916 ‚
2072 862 2221 906 uam

256 929 412 1026 pulli
432 931 656 1002 hostes
680 923 823 1003 sunt
848 961 864 1003 ι
888 936 1038 1033 quia
1059 936 1139 1003 ab
1160 958 1354 1033 tergo
1374 958 1558 1006 erant
1583 935 1775 1013 clivi,
1815 937 1879 1004 in
1915 863 2223 1104 qui-Fon:
2277 871 2409 1115 ss

182 1090 199 1099 -
256 1031 565 1127 principia
585 1033 862 1131 integris
884 1034 1220 1105 ordinibus
1245 1057 1420 1105 tutus
1443 1057 1744 1130 receptus
1769 1019 1915 1113 fuitl
1935 1039 1994 1106 C
2100 1031 2216 1112 sul,

257 1123 363 1198 ubi
388 1131 467 1200 ad
489 1132 793 1229 iniquum
818 1134 1037 1204 locum
1072 1155 1344 1206 ventum
1383 1133 1478 1206 est
1504 1190 1521 1217 ,
1562 1132 1718 1204 fistit
1758 1134 1987 1203 aciem.
2027 1135 2216 1204 miles

254 1225 419 1327 aegre
436 1231 679 1310 teneri,
697 1234 979 1303 clamare
1001 1244 1064 1307 Sc
1086 1231 1356 1330 poscere
1377 1279 1397 1313 ,
1437 1254 1507 1303 ut
1547 1231 1848 1329 perculsis
1885 1229 2115 1300 instare
2139 1233 2220 1299 li-

251 1316 447 1399 ceat!
468 1330 784 1400 Ferocius
829 1356 1029 1430 agunt
1063 1327 1320 1490 equ'ites
1363 1328 1925 1403 circumfufiduci:
1970 1326 2221 1400 vocife-

249 1451 471 1498 rantur
488 1431 554 1499 se
579 1451 730 1500 ante
754 1428 930 1529 signa
952 1433 1182 1502 ituros,
1235 1436 1418 1503 Dum
1460 1432 1800 1501 cunfimtur
1819 1424 2047 1499 consul
2085 1429 2215 1500 vir-

252 1547 392 1598 tute
413 1529 702 1598 militum
727 1525 929 1600 fretus
946 1577 966 1611 ‚
986 1532 1138 1602 loco
1161 1556 1386 1627 parum
1423 1528 1668 1615 fidens;
1707 1530 2124 1600 conclamant
2146 1525 2210 1600 se

250 1624 460 1697 ituros
485 1655 502 1696 t
527 1629 1022 1728 clamoremque
1046 1655 1143 1700 tes
1164 1628 1259 1700 est
1284 1626 1519 1701 secuta.
1577 1629 1748 1699 Fixis
1766 1630 1831 1698 in
1849 1649 2088 1699 tetram
2113 1628 2214 1724 pi-

248 1726 500 1826 lis‚quo
525 1727 809 1798 leviores
831 1729 897 1798 in
916 1729 1107 1799 ardua
1129 1728 1508 1822 evaderent,
1527 1725 1709 1798 cursu
1733 1726 2217 1818 subeunt.Vol-

246 1821 388 1896 scus
406 1823 621 1896 effusis
642 1827 1023 1923 ad-primum
1045 1826 1725 1924 impetummiffilibus
1751 1824 2068 1907 teli5‚saxa
2086 1827 2215 1896 ob-

250 1926 529 2016 iacentia
553 1927 830 2022 pedibus
848 1929 1168 2026 ingeritin
1185 1925 1530 1999 subeuntes
1562 1977 1577 2002 ‚
1616 1923 2210 2024 turbatosqueid'i-

254 2025 369 2093 bus
389 2024 635 2095 crebris
658 2050 847 2124 urget
869 2052 947 2097 ex
970 2024 1296 2124 superiore
1319 2030 1499 2098 loco.
1532 2024 1612 2095 s1c
1628 1998 1849 2123 prope(
1858 2046 2205 2095 oneratum

249 2123 342 2195 est
360 2123 675 2195 sinistrum
698 2127 1022 2198 Romanis
1046 2152 1249 2197 cornu
1271 2178 1292 2211 ,
1331 2127 1397 2197 ni
1437 2120 1868 2198 referentibus
1890 2128 2020 2217 jam
2056 2139 2209 2222 gra-

249 2221 428 2313 dum,
448 2223 670 2296 consul
691 2226 1092 2322 increpando
1114 2224 1296 2296 fimul
1322 2226 1791 2310 temeritatem,
1816 2223 1998 2293 simul
2016 2226 2205 2320 igna-

242 2323 443 2407 viam,
466 2324 719 2421 pudore
735 2330 984 2394 metum
1005 2321 1387 2422 excuffiss'et.
1405 2321 1735 2417 Restitdre
1754 2324 1970 2418 primo
1994 2322 2206 2393 obsti-

244 2424 413 2505 natis
436 2424 666 2494 animis
690 2452 705 2493 ε
744 2423 1002 2502 deinde,
1022 2447 1090 2494 ut
1113 2427 1178 2496 in
1197 2425 1577 2501 obtinentes
1596 2425 1818 2492 locum
1841 2423 2010 2492 vires
2029 2417 2203 2491 fere-

241 2521 423 2605 bant,
447 2523 688 2593 audent
710 2524 883 2592 ultro
900 2524 1171 2621 gradum
1191 2519 1430 2595 inferre
1450 2553 1470 2609 3
1489 2533 1551 2596 δέ
1572 2524 1863 2591 clamore
1888 2540 2201 2588 renovato

243 2644 680 2691 commovent
699 2621 928 2692 aciem.
949 2645 1088 2694 tum
1114 2618 1321 2694 rursus
1345 2624 1598 2718 impetu
1633 2641 1828 2716 capto
1864 2617 2198 2688 enituntur

240 2744 440 2817 atque
465 2718 860 2815 exsuperant
876 2722 1288 2821 iniquitatem
1311 2723 1460 2792 loci.
1482 2726 1628 2814 Jam
1652 2743 1856 2815 prope
1877 2740 2016 2787 erat
2038 2717 2195 2787 utin

237 2815 563 2901 summum
587 2821 739 2891 clivi
753 2821 977 2919 jugum
998 2820 1353 2894 evaderent
1370 2877 1386 2903 ‚
1406 2846 1606 2919 quum
1642 2842 1825 2926 terga
1845 2813 2064 2887 hostes
2087 2816 2203 2887 de·-

239 2918 395 2990 dere
429 2915 779 3020 effusoque
813 2918 1012 3010 cursu,
1035 2947 1235 3016 poene
1275 2924 1536 3019 agmine
1580 2944 1712 2989 uno
1742 2918 2062 3014 fugientes
2098 2912 2199 2985 se-

239 3016 646 3118 quentesque
669 3018 885 3090 castris
904 3021 1209 3092 incidere.
1260 3027 1338 3090 ln
1358 3046 1440 3091 eo
1455 3042 1691 3117 pavore
1712 3017 2198 3111 castracapiun-

237 3137 359 3189 tur.
384 3120 496 3217 qui
514 3115 923 3191 *Volscorum
939 3116 1224 3219 effugere
1247 3138 1627 3215 potuerunt,
1641 3118 1912 3188 Antium
1937 3136 2195 3210 petunt.

237 3221 514 3301 Antium
540 3228 606 3310 ἃ.
627 3223 970 3289 Romanus
993 3222 1316 3291 exercitus
1335 3221 1564 3305 duetus
1594 3248 1610 3289 ε
1650 3240 1893 3313 paucos
1914 3212 2216 3289 circum-f

233 3313 457 3389 seffum
474 3319 615 3415 dies
636 3310 921 3410 deditur,
964 3304 1139 3388 nullzi
1173 3321 1697 3417 oppugnantium
1738 3338 1910 3384 nova
1944 3313 2043 3394 vi;
2084 3307 2197 3383 sed

234 3420 411 3515 quod
428 3421 567 3513 jam
590 3415 744 3486 inde
768 3417 848 3488 ab
868 3414 1145 3493 i'nfoelici
1168 3443 1384 3517 pugna
1405 3464 1425 3499 ‚
1446 3412 1794 3512 castrisque
1811 3409 2065 3491 ‚amiffis
2088 3433 2199 3480 ce·

218 3516 777 3595 §iderant-animi.

1309 3688 1314 3695 ’
1395 3697 1588 3789 Νι,
1977 3690 2204 3768 EPI-
