2593 4366
931 177 1383 256 anvnn‘
1453 179 1544 250 X.
1936 265 1943 274 ³
2079 203 2208 279 755

243 304 438 364 natus
461 273 608 353 fuit.
647 278 729 352 ad
764 304 963 351 unum
986 304 1219 356 omnes
1240 280 1648 378 jungendum
1668 273 1884 350 foedus
1904 303 2054 353 cum
2075 289 2216 353 Lu-

248 387 429 460 canis
453 428 475 462 ‚
514 377 740 479 resque
759 378 1146 477 repetendas
1162 377 1244 447 ab
1263 380 1659 450 Samnitibus
1680 429 1702 461 ‚
1736 377 2022 452 censent.
2073 386 2209 454 Be-

171 557 180 563 ,
245 484 449 583 nigne
488 477 867 577 responsum
904 478 1224 550 Lucanis:
1262 473 1599 576 iciumque
1619 475 1866 550 foedus.
1913 482 2208 553 Fetiales

250 581 418 657 miffi
437 627 458 661 ‚
484 585 598 678 qui
615 580 975 652 Samnitem
995 577 1315 650 decedere
1336 602 1495 676 agro
1516 575 1840 650 sociorum
1865 635 1884 662 ,
1906 604 1978 651 ac
2000 581 2210 653 dedu-

248 707 406 754 cere
438 681 806 751 exercitum
844 676 1084 750 finibus
1113 676 1398 747 Lucanis
1438 677 1767 769 juberent.
1801 678 2039 775 quibus
2082 682 2214 751 ob-
2319 687 2328 690 “

248 781 425 855 viam
447 778 614 851 miffi
634 778 716 849 ab
738 778 1136 852 Samnitibus
1159 775 1276 873 qui
1295 775 1786 861 denunciarent,
1810 781 1876 846 Si
1896 779 2043 869 quod
2055 779 2210 874 adis·

240 878 373 977 sem
389 882 450 948 in
469 880 697 948 Samnio
712 880 1029 957 concilium,
1052 877 1204 951 haud
1218 876 1514 946 inviolatas
1527 875 1790 946 abituros.
1840 883 2003 959 Haec
2025 884 2209 977 post-

248 1003 452 1077 quam
470 977 686 1049 audita
706 975 849 1049 sunt
869 979 1147 1062 Romae3
1190 974 1443 1054 bellum
1463 974 1861 1047 Samnitibus
1888 987 1951 1050 &
1979 987 2207 1051 Patres

251 1073 640 1152 censuerunt
669 1123 690 1157 ,
728 1086 794 1150 δι
836 1076 1116 1172 populus
1146 1074 1339 1168 juffit.
1397 1070 1725 1149 Consules
1766 1077 1938 1145 inter
1964 1075 2024 1148 se
2046 1103 2206 1174 pro-

248 1176 493 1249 vincias
517 1177 740 1275 partiti
760 1173 931 1246 sunt.
980 1176 1272 1272 Scipioni
1291 1175 1556 1247 Etruria
1578 1219 1600 1253 ‚
1627 1175 1861 1246 Fulvio
1879 1180 2203 1250 Samnites

241 1275 700 1349 obvenerunt:
737 1273 1103 1374 diversique
1121 1277 1198 1347 ad
1228 1273 1408 1347 suum
1430 1270 1703 1375 quisque
1727 1276 1972 1356 bellum
1998 1276 2206 1373 profi-

238 1376 588 1448 ciscuntur.
631 1373 927 1470 Scipioni
966 1370 1162 1475 segne
1198 1375 1450 1446 bellum
1474 1385 1537 1448 δι
1563 1374 1766 1446 {imile
1784 1375 2017 1472 prioris
2051 1376 2203 1470 anni

243 1475 497 1548 militiae
547 1468 952 1571 exspeC'tanti
985 1524 1009 1560 ,
1058 1473 1280 1568 hostes¹
1315 1473 1397 1545 ad
1444 1475 1831 1548 Volaterras
1881 1473 2202 1546 instruRo

244 1573 509 1674 agmine
548 1593 997 1645 occurrerunt.
1080 1582 1450 1672 Pugnatum
1506 1575 1758 1667 majore
1811 1597 1995 1670 parte
2032 1574 2159 1646 diei
2178 1630 2197 1656 ‚
2278 1613 2285 1620 ·

245 1674 860 1772 inagna-utrimque
894 1672 1109 1745 caede:
1149 1698 1282 1742 nox
1317 1672 1731 1770 incertisqua
1753 1673 1904 1744 data
1928 1675 2203 1745 vistoria

241 1768 443 1855 effet,
474 1773 864 1844 intervenit:
905 1775 1013 1844 lux
1049 1767 1442 1871 insequens,
1480 1772 1803 1850 vifiorem
1821 1774 2205 1872 vistumque

243 1867 551 1944 ostendit.
603 1873 777 1944 Nam
818 1869 1079 1945 Etrusci
1110 1869 1374 1944 lilent‘io
1410 1873 1626 1942 nofitis
1672 1873 1875 1944 castra
1915 1874 2203 1973 relique·

240 1992 421 2041 ¹runt.
472 1973 819 2043 Romanus
840 1968 1123 2072 egrelsus
1143 1973 1211 2042 in
1230 1971 1440 2053 aciem
1462 2016 1484 2051 ‚
1507 1973 1615 2046 ubi
1634 1969 2053 2069 profeffione
2075 1972 2203 2042 ho-

241 2068 436 2150 stium
460 2068 826 2144 concessam
849 2071 1190 2143 vidior-iam
1215 2071 1396 2143 videt
1422 2115 1443 2151 ,
1478 2068 1846 2171 progreffus
1871 2073 1952 2143 ad
1967 2071 2197 2152 castra,

240 2170 460 2243 vacuis
485 2198 632 2244 cum
656 2173 934 2270 plurima
949 2171 1353 2270 praeda(nam
1372 2179 1437 2246 δι
1462 2172 1687 2244 stativa
1705 2172 1962 2269 trepide
1981 2168 2204 2243 deser-

242 2290 312 2340 ta
326 2267 608 2354 fueram)
632 2274 907 2369 potitur.
929 2272 1082 2343 inde
1101 2272 1169 2341 in
1189 2267 1509 2341 Faliscum
1529 2296 1756 2369 agrum
1776 2272 1980 2367 copiis
2003 2269 2200 2339 redu-

244 2369 368 2441 ἃίε
390 2415 412 2449 ‚
443 2396 645 2466 quum
664 2369 1139 2464 impedimenta
1158 2369 1423 2440 Faleriis
1444 2392 1594 2438 cum
1619 2370 1886 2439 modico
1903 2364 2198 2463 praelidio

242 2462 599 2564 reliquilset
618 2519 634 2546 ‚
671 2467 985 2562 expedito
1006 2466 1264 2574 agmine
1281 2466 1363 2535 ad
1395 2465 1891 2563 depopulandos
1915 2466 2199 2537 hostium

243 2560 412 2639 fines
434 2564 699 2636 incedit.
754 2565 1008 2636 Omnia
1045 2562 1223 2636 terro
1252 2562 1523 2664 ignique
1563 2558 1928 2636 vastanturt'
1966 2565 2198 2663 praedae

241 2663 533 2761 undique
558 2665 757 2736 astae:
791 2688 913 2734 nec
945 2658 1156 2735 solum
1177 2665 1388 2735 modo
1409 2661 1658 2737 vastum
1677 2664 1850 2736 hosti
1872 2666 2200 2746 relietum,

242 2757 357 2837 sed
378 2762 656 2841 castellis
676 2763 875 2837 etiam
896 2759 1184 2861 vicisque
1216 2764 1433 2834 illatus
1465 2764 1662 2862 ignis.
1691 2762 1958 2836 urbibus
1980 2791 2201 2864 oppu-

298 2864 524 2935 nandis
557 2884 1000 2962 temperatum
1021 2906 1042 2943 ,
1077 2866 1144 2932 in
1163 2888 1325 2961 quas
1365 2861 1898 2942 timortEtruscos
1918 2858 2200 2962 compu-

243 2890 440 3043 ᾔτηη.
494 2967 624 3047 Cn.
648 2963 857 3035 Fulvii
877 2960 1159 3034 consulis
1180 2964 1354 3034 clara
1369 2987 1583 3061 pugna
1596 2965 1662 3033 in
1676 2966 1942 3036 Samnio
1960 2968 2038 3035 ad
2056 2968 2197 3035 Bo-

242 3064 509 3137 vianum
534 3062 1041 3172 haudquaquam
1079 3063 1399 3161 ambiguae
1437 3064 1728 3135 vi&oriae
1759 3059 1901 3132 fuit.
1952 3063 2199 3134 Bovia-

212 3171 406 3241 'num
442 3163 594 3234 inde
628 3165 999 3263 aggressus,
1032 3187 1153 3234 nec
1190 3164 1279 3232 ita
1314 3164 1525 3233 multo
1549 3162 1696 3258 post
1719 3160 2107 3232 Aufidenam
2132 3159 2197 3230 vi

240 3261 447 3355 cepit.
498 3264 761 3334 Eodem
781 3286 955 3333 anno
975 3259 1334 3333 Carseolos
1352 3263 1620 3332 colonia
1638 3263 1704 3331 in
1723 3288 1950 3360 agrum
1972 3260 2186 3359 AEqui-
2219 3271 2291 3342 13

245 3360 546 3431 colatum
567 3360 863 3433 deduElza.
916 3363 1179 3433 Fulvius
1209 3359 1433 3431 consul
1453 3361 2195 3453 deSamnitibustrium·

245 3458 494 3549 phavit.
537 3485 736 3555 quum
759 3462 1027 3530 comitia
1046 3456 1410 3532 consularia
1429 3457 1738 3530 instarent
1754 3506 1775 3540 ‚
1797 3455 1969 3530 fama
1990 3484 2190 3530 exor-

240 3574 315 3645 ta
339 3611 357 3637 ‚
395 3554 705 3628 Etruscos
729 3556 1177 3655 Samnitesque
1195 3561 1500 3661 ingentes
1520 3557 1931 3630 conscribere
1947 3559 2203 3629 exerci-

234 3678 375 3726 tus:
399 3658 614 3752 palam
634 3658 941 3731 omnibus
963 3661 1259 3730 conciliis
1288 3658 1507 3730 vexari
1528 3658 1851 3756 principes
1875 3652 2196 3730 Etrusco-

226 3780 412 3861 5rum,
432 3758 614 3853 quod
635 3782 768 3831 non
785 3759 1024 3861 Gallos
1043 3782 1459 3860 quacumque
1472 3759 1856 3831 conditione
1880 3757 2203 3831 traxerint

1355 3854 1532 3930 Bbb
1588 3882 1623 3930 2
2120 3855 2203 3927 ad
