2593 4366
393 122 536 207 ’7'20
1094 101 1196 181 T.
1288 101 1352 176 L*
1398 121 1431 175 1
1481 125 1528 176 v
1575 123 1610 180 1
1662 124 1696 171 r

338 302 342 305 p
389 236 541 288 tum
560 214 751 286 latius
778 228 918 283 erat
935 233 1133 308 quam
1152 202 1583 304 profligatum
1609 195 1890 273 bellum.
1927 191 2384 281 vastationem

391 337 679 414 namque
702 310 818 383 sub
835 307 1109 383 Ciminii
1132 305 1387 379 montis
1405 300 1748 376 radicibus
1767 302 1992 395 jacens
2010 326 2136 375 ora
2151 301 2379 379 sense-

392 435 542 489 rat:
600 410 1115 508 conciveratque
1152 403 1614 505 indignatione
1647 425 1789 471 non
1835 402 2118 475 Etruriae
2159 407 2376 479 modo

392 511 722 613 populos,
761 506 869 582 sed
904 505 1200 584 Umbriae
1246 501 1549 575 finitima.
1621 507 1860 600 Itaque
1890 526 2186 600 quantus
2229 531 2375 580 non

387 637 682 712 unquam
721 629 913 681 antea
945 652 968 686 ‚
1015 604 1345 679 exercitus
1389 602 1468 672 ad
1505 598 1795 679 Sutrium
1838 601 2023 673 venit
2060 629 2080 672 t
2136 627 2372 705 neque

388 737 413 772 τ
430 714 496 785 in
514 711 685 784 lilvis
700 704 1168 781 tantummodo
1192 720 1504 801 promota
1526 697 1730 773 castra
1755 752 1774 782 ,
1801 694 2132 773 sedetiam
2155 706 2374 778 avidi-

389 834 528 896 tate
545 807 903 882 dimicandi
942 830 1142 905 quam
1174 803 1459 902 primum
1494 800 1564 871 in
1599 821 1868 895 campos
1903 801 2132 873 delata
2165 809 2371 879 aciem

382 909 629 995 deinde
666 907 979 982 instru&a
1010 904 1227 1001 primo
1249 898 1366 972 suo
1387 901 1551 974 stare
1571 901 1764 979 loco,
1800 898 2041 970 relisto
2061 900 2376 977 hostibus

388 1020 475 1094 ad
510 1008 957 1082 instruendam
981 1024 1215 1082 contra
1250 998 1505 1099 spacio:
1547 997 1831 1079 deinde,
1865 996 2231 1098 postquam
2252 1005 2373 1078 de.

390 1111 678 1195 treetare
715 1106 973 1181 hostem
1011 1096 1263 1176 sensere
1294 1123 1584 1201 pugnam
1612 1154 1630 1182 ,
1672 1096 1753 1169 ad
1792 1098 2030 1172 vallum
2047 1095 2372 1189 subeunt.

392 1220 531 1298 Ubi
552 1206 902 1310 postquam
943 1202 1257 1277 stationes
1286 1223 1560 1302 quoque
1599 1218 1897 1296 receptas
1932 1197 2108 1296 ittera
2145 1193 2372 1275 muni-k

396 1332 623 1397 menta
636 1304 886 1381 sensere
905 1361 927 1389 ,
946 1306 1197 1377 clamor
1220 1324 1290 1373 re
1340 1319 1497 1373 ente
1519 1298 1696 1370 circa
1721 1291 2168 1383 ducesiirtus,
2185 1324 2358 1374 uteo

397 1420 521 1495 fibi
544 1424 580 1490 ἐ
599 1406 822 1482 castris
843 1404 1086 1479 cibaria
1106 1402 1247 1495 ejus
1268 1325 1400 1475 egei
1418 1393 1678 1471 deferre
1712 1395 2023 1492 juberent
2038 1445 2064 1480 ‚
2097 1396 2352 1472 mansu-

400 1548 512 1596 ros
534 1514 597 1591 se
617 1508 734 1584 sub
754 1506 982 1597 armis-t
1026 1511 1093 1579 &
1115 1521 1224 1574 aut
1241 1499 1441 1572 noeie
1467 1555 1484 1583 ,
1509 1519 1619 1569 aut
1637 1518 1820 1570 certe
1843 1501 1990 1570 luce
2010 1502 2220 1597 prima
2238 1525 2349 1572 ca·-

398 1621 530 1696 stra
546 1613 836 1690 hostium
857 1600 1210 1679 invasuros.
1231 1598 1474 1676 Nihilo
1492 1597 1782 1698 quietior
1799 1600 2147 1671 Romanus
2170 1623 2354 1673 exer·

402 1723 572 1794 citus
605 1709 888 1814 imperio
924 1704 1108 1779 ducis
1149 1700 1550 1777 continetur.
1588 1697 1848 1771 decima
1877 1720 2019 1790 erat
2054 1695 2199 1772 fere
2231 1699 2355 1773 diei

399 1821 605 1897 hora,
638 1827 845 1913 quum
869 1807 1091 1881 cibum
1105 1825 1342 1900 capere
1362 1794 1585 1874 consul
1609 1797 1852 1870 milites'
1874 1799 1892 1816 '
1965 1803 2098 1878 ‘'et,
2132 1801 2357 1897 praeci-

390 1919 499 2020 pit
532 1913 693 1986 utin
735 1909 933 1980 armis
969 1903 1091 1976 lint
1112 1948 1133 1982 ‚
1166 1923 1582 2002 quacumque
1605 1896 1844 1969 did-um
1940 1894 2050 1970 sve
2083 1897 2249 1970 hora
2277 1897 2358 1972 si-

397 2035 604 2088 onum
635 2007 920 2084 dederit.
971 2002 1202 2078 Paucis
1242 2000 1485 2070 milites
1524 2000 1928 2098 alloquitur,
1965 1998 2352 2070 Samnitium

452 2113 580 2191 ella
594 2107 861 2187 extollit
881 2155 904 2191 ,
937 2104 1156 2176 elevat
1172 2093 1533 2172 Etruscosz
1572 2122 1694 2169 nec
1716 2096 1969 2169 hostem
1989 2096 2203 2177 hosti,
2235 2121 2354 2171 nec

398 2208 894 2295 multitudinem
916 2200 1318 2277 multitudini
1341 2199 1853 2296 comparandam
1868 2197 1959 2269 ait
1975 2194 2130 2270 esse.
2181 2206 2359 2272 1²1ae-

400 2313 852 2394 terea⁸telum
891 2303 1063 2376 aliud
1095 2302 1434 2373 occultum
1474 2298 1747 2370 scituros
1769 2297 1838 2368 in
1858 2317 2182 2395 tempore.
2233 2303 2353 2367 In·-

402 2440 586 2491 terea
600 2410 805 2484 taceri
825 2431 992 2505 opus
1013 2398 1167 2475 effe.
1216 2402 1344 2474 His
1381 2396 1767 2497 ambagibus
1787 2398 1980 2494 prodi
2015 2396 2351 2468 simulabat

399 2515 625 2591 hostes
648 2558 671 2592 ,
702 2534 838 2610 quo
859 2508 1110 2577 animus
1134 2501 1419 2573 militum
1440 2497 1863 2571 multitudine
1883 2498 2152 2568 territus
2173 2493 2359 2568 resti-

400 2636 733 2689 tueretur:
775 2619 841 2684 &
860 2604 1042 2706 quod
1063 2602 1193 2673 sine
1211 2601 1627 2672 munimento
1650 2591 2108 2680 consederant,
2136 2594 2356 2669 verifi-

400 2716 619 2789 milius
655 2731 798 2780 erat
834 2703 1018 2806 quod
1057 2699 1499 2773 simulabatur.
1590 2696 1824 2769 Curari
1872 2693 2029 2767 cibo
2065 2718 2356 2794 corpora

398 2811 610 2914 quieti
627 2808 785 2881 dant
808 2851 830 2887 ,
867 2815 931 2880 &
954 2820 1186 2901 quarta
1202 2795 1340 2870 fere
1364 2797 1590 2898 vigilia
1608 2795 1740 2866 fine
1757 2796 2044 2865 tumultu
2077 2794 2357 2867 excitati

394 2937 578 2985 arma
598 2908 887 3006 capiunt.
937 2900 1256 2973 Dolabrae
1293 2897 1638 2968 calonibus
1672 2894 2051 2966 dividuntur
2082 2895 2162 2963 ad
2204 2895 2364 2965 val-

393 3017 531 3085 lum
556 3004 1027 3109 proruendum,
1049 2991 1361 3095 fossasque
1376 2997 1768 3094 implendas:
1790 2995 1961 3064 intra
1978 2994 2369 3065 munimen-

390 3122 461 3185 ‘ta
488 3107 819 3182 instruitur
858 3102 1065 3173 acies:
1101 3098 1375 3169 delectae
1401 3097 1716 3168 cohortes
1743 3094 1824 3164 ad
1847 3116 2187 3190 portarum
2211 3094 2363 3165 exi-

392 3237 494 3286 tus
520 3209 954 3282 collocantur.
991 3199 1147 3269 dato
1188 3197 1428 3268 deinde
1461 3194 1645 3294 ligno
1683 3195 1882 3288 paulo
1920 3216 2070 3264 ante
2105 3183 2362 3274 lucem,

393 3310 576 3414 quod
611 3304 841 3382 aestivis
889 3296 1196 3373 noctibus
1229 3291 1455 3396 sopitae
1489 3292 1772 3367 maxime
1807 3292 2049 3392 quietis
2085 3315 2360 3390 tempus

2227 3391 2363 3471 est,

571 3555 613 3600 V
649 3564 686 3598 Δ
725 3561 764 3598 ιι
809 3561 827 3593 1
868 3559 901 3591 o
941 3555 978 3592 ιι
1016 3552 1048 3585 ιι
1082 3552 1144 3588 u.
1464 3549 1491 3581 ι
1527 3534 1679 3584 Telum
1689 3533 2080 3595 aliudue-Itum]
2104 3533 2267 3581 Telum
2279 3544 2365 3594 pto

461 3636 479 3668 ι
536 3629 589 3674 In
604 3618 734 3682 savis
757 3609 1052 3663 tantummdo
1075 3609 1323 3674 promota-J
1396 3600 1593 3650 confinio
1611 3638 1626 3658 ‚
1650 3617 1704 3650 ac
1716 3603 1959 3650 ratione&
1976 3602 2052 3647 via
2062 3597 2250 3664 gerendi
2266 3614 2362 3663 po·

380 3692 497 3742 Non
510 3688 664 3751 placet.
678 3684 811 3746 legoz
835 3686 979 3745 Neque
981 3676 1113 3738 filvie
1124 3687 1322 3729 τωρωι-
1398 3671 1509 3719 suit:
1548 3675 1603 3719 Et
1616 3671 1782 3720 Erasm.
1808 3671 1858 3716 in
1868 3668 2078 3731 proverb.
2106 3675 2283 3737 Ingens
2300 3682 2365 3717 u·

380 3751 837 3818 MOmlc⁴ssr‘o
862 3751 977 3798 τᾶηο
990 3743 1141 3797 ‘abne
1393 3741 1486 3792 eum
1500 3742 1730 3807 mfssimo
1765 3733 1993 3790 cm·

2165 3819 2187 3863 5
2220 3808 2372 3868 ⁴¹³2*

2531 253 2539 378 l
