<?xml version="1.0" encoding="UTF-8"?>
<!DOCTYPE html PUBLIC "-//W3C//DTD XHTML 1.0 Transitional//EN"
    "http://www.w3.org/TR/xhtml1/DTD/xhtml1-transitional.dtd">
<html xmlns="http://www.w3.org/1999/xhtml" xml:lang="en" lang="en">
 <head>
  <title>
</title>
<meta http-equiv="Content-Type" content="text/html;charset=utf-8" />
  <meta name='ocr-system' content='tesseract 3.04.00' />
  <meta name='ocr-capabilities' content='ocr_page ocr_carea ocr_par ocr_line ocrx_word'/>
</head>
<body>
  <div class='ocr_page' id='page_1' title='image "./titiliviihistor00grongoog_0739.png"; bbox 0 0 2593 4366; ppageno 0'>
   <div class='ocr_carea' id='block_1_1' title="bbox 234 101 2313 3550">
    <p class='ocr_par' dir='ltr' id='par_1_1' title="bbox 826 101 2197 208">
     <span class='ocr_line' id='line_1_1' title="bbox 826 101 2197 208; baseline 0.007 -33"><span class='ocrx_word' id='word_1_1' title='bbox 826 101 895 176; x_wconf 86' lang='lat' dir='ltr'>L</span> <span class='ocrx_word' id='word_1_2' title='bbox 949 123 1259 180; x_wconf 63' lang='grc' dir='ltr'><strong>πτειν.</strong></span> <span class='ocrx_word' id='word_1_3' title='bbox 1355 105 1612 181; x_wconf 89' lang='lat' dir='ltr'>v111.</span> <span class='ocrx_word' id='word_1_4' title='bbox 2055 116 2197 208; x_wconf 77' lang='lat'><strong>655</strong></span> 
     </span>
    </p>

    <p class='ocr_par' dir='ltr' id='par_1_2' title="bbox 234 200 2313 1692">
     <span class='ocr_line' id='line_1_2' title="bbox 234 200 2313 310; baseline -0.001 -26"><span class='ocrx_word' id='word_1_5' title='bbox 234 228 370 284; x_wconf 67' lang='lat' dir='ltr'><strong>cm.</strong></span> <span class='ocrx_word' id='word_1_6' title='bbox 416 200 737 306; x_wconf 85' lang='lat' dir='ltr'><strong>Equitum</strong></span> <span class='ocrx_word' id='word_1_7' title='bbox 759 203 930 276; x_wconf 87' lang='lat' dir='ltr'><strong>acies</strong></span> <span class='ocrx_word' id='word_1_8' title='bbox 955 254 976 285; x_wconf 90' lang='lat'>,</span> <span class='ocrx_word' id='word_1_9' title='bbox 1019 203 1227 303; x_wconf 83' lang='lat' dir='ltr'><strong>qualis</strong></span> <span class='ocrx_word' id='word_1_10' title='bbox 1266 230 1413 304; x_wconf 83' lang='lat' dir='ltr'><strong>quae</strong></span> <span class='ocrx_word' id='word_1_11' title='bbox 1431 200 1559 276; x_wconf 82' lang='lat' dir='ltr'><strong>effe</strong></span> <span class='ocrx_word' id='word_1_12' title='bbox 1578 200 2057 280; x_wconf 71' lang='lat' dir='ltr'><strong>instruffiffima</strong></span> <span class='ocrx_word' id='word_1_13' title='bbox 2077 236 2198 306; x_wconf 52' lang='lat' dir='ltr'><strong>po*</strong></span> <span class='ocrx_word' id='word_1_14' title='bbox 2216 233 2248 304; x_wconf 86' lang='lat'><em>3</em></span> <span class='ocrx_word' id='word_1_15' title='bbox 2257 231 2313 310; x_wconf 72' lang='lat'><em>9</em></span> 
     </span>
     <span class='ocr_line' id='line_1_3' title="bbox 252 301 2205 403; baseline 0.002 -23"><span class='ocrx_word' id='word_1_16' title='bbox 252 308 387 383; x_wconf 84' lang='lat' dir='ltr'><strong>test</strong></span> <span class='ocrx_word' id='word_1_17' title='bbox 409 363 428 390; x_wconf 90' lang='lat'>,</span> <span class='ocrx_word' id='word_1_18' title='bbox 468 308 729 378; x_wconf 63' lang='lat' dir='ltr'><strong>invefita</strong></span> <span class='ocrx_word' id='word_1_19' title='bbox 764 303 832 374; x_wconf 91' lang='lat' dir='ltr'><strong>in</strong></span> <span class='ocrx_word' id='word_1_20' title='bbox 850 301 1187 401; x_wconf 85' lang='lat' dir='ltr'><strong>diffipatos</strong></span> <span class='ocrx_word' id='word_1_21' title='bbox 1219 301 1705 403; x_wconf 85' lang='lat' dir='ltr'>impeditosque</span> <span class='ocrx_word' id='word_1_22' title='bbox 1720 303 1945 377; x_wconf 87' lang='lat' dir='ltr'>hostes</span> <span class='ocrx_word' id='word_1_23' title='bbox 1968 357 1991 392; x_wconf 92' lang='lat'><strong>‚</strong></span> <span class='ocrx_word' id='word_1_24' title='bbox 2023 310 2205 383; x_wconf 81' lang='lat' dir='ltr'><strong>caede&#39;</strong></span> 
     </span>
     <span class='ocr_line' id='line_1_4' title="bbox 253 398 2205 501; baseline 0.001 -21"><span class='ocrx_word' id='word_1_25' title='bbox 253 405 485 480; x_wconf 85' lang='lat' dir='ltr'><strong>omnia</strong></span> <span class='ocrx_word' id='word_1_26' title='bbox 506 431 573 476; x_wconf 86' lang='lat' dir='ltr'><strong>re</strong></span> <span class='ocrx_word' id='word_1_27' title='bbox 624 406 739 476; x_wconf 89' lang='lat' dir='ltr'><strong>let.</strong></span> <span class='ocrx_word' id='word_1_28' title='bbox 759 403 934 474; x_wconf 89' lang='lat' dir='ltr'><strong>inter</strong></span> <span class='ocrx_word' id='word_1_29' title='bbox 953 398 1227 476; x_wconf 86' lang='lat' dir='ltr'>sarcinas</span> <span class='ocrx_word' id='word_1_30' title='bbox 1247 400 1503 476; x_wconf 73' lang='lat' dir='ltr'><strong>omissas</strong></span> <span class='ocrx_word' id='word_1_31' title='bbox 1522 424 1796 501; x_wconf 87' lang='lat' dir='ltr'><strong>repente</strong></span> <span class='ocrx_word' id='word_1_32' title='bbox 1812 404 2205 500; x_wconf 76' lang='lat' dir='ltr'><strong>objacentes</strong></span> 
     </span>
     <span class='ocr_line' id='line_1_5' title="bbox 251 430 2211 606; baseline 0.001 -28"><span class='ocrx_word' id='word_1_33' title='bbox 251 507 536 606; x_wconf 84' lang='lat' dir='ltr'><strong>pedibus</strong></span> <span class='ocrx_word' id='word_1_34' title='bbox 562 430 975 602; x_wconf 39' lang='lat' dir='ltr'><strong>&amp;ugientium</strong></span> <span class='ocrx_word' id='word_1_35' title='bbox 999 500 1697 602; x_wconf 85' lang='lat' dir='ltr'><strong>consternatorumque</strong></span> <span class='ocrx_word' id='word_1_36' title='bbox 1716 528 2068 602; x_wconf 85' lang='lat' dir='ltr'><strong>equorum,</strong></span> <span class='ocrx_word' id='word_1_37' title='bbox 2087 534 2211 581; x_wconf 89' lang='lat' dir='ltr'><strong>ne-</strong></span> 
     </span>
     <span class='ocr_line' id='line_1_6' title="bbox 253 598 2212 705; baseline 0.002 -30"><span class='ocrx_word' id='word_1_38' title='bbox 253 629 387 705; x_wconf 89' lang='lat' dir='ltr'><strong>que</strong></span> <span class='ocrx_word' id='word_1_39' title='bbox 406 628 669 703; x_wconf 67' lang='lat' dir='ltr'><strong>pugnae,</strong></span> <span class='ocrx_word' id='word_1_40' title='bbox 689 627 903 700; x_wconf 91' lang='lat' dir='ltr'><strong>neque</strong></span> <span class='ocrx_word' id='word_1_41' title='bbox 921 598 1088 699; x_wconf 79' lang='lat' dir='ltr'>fugae</span> <span class='ocrx_word' id='word_1_42' title='bbox 1107 598 1256 671; x_wconf 85' lang='lat' dir='ltr'><strong>satis</strong></span> <span class='ocrx_word' id='word_1_43' title='bbox 1285 622 1594 700; x_wconf 81' lang='lat' dir='ltr'><strong>potentes</strong></span> <span class='ocrx_word' id='word_1_44' title='bbox 1618 603 1973 676; x_wconf 81' lang='lat' dir='ltr'><strong>caeduntur.</strong></span> <span class='ocrx_word' id='word_1_45' title='bbox 2000 608 2212 692; x_wconf 58' lang='lat' dir='ltr'>Tum,</span> 
     </span>
     <span class='ocr_line' id='line_1_7' title="bbox 251 698 2211 800; baseline 0.001 -22"><span class='ocrx_word' id='word_1_46' title='bbox 251 706 481 779; x_wconf 88' lang='lat' dir='ltr'><strong>deleto</strong></span> <span class='ocrx_word' id='word_1_47' title='bbox 500 702 1015 800; x_wconf 56' lang='lat' dir='ltr'><strong>propegquitatu</strong></span> <span class='ocrx_word' id='word_1_48' title='bbox 1034 698 1343 783; x_wconf 89' lang='lat' dir='ltr'><strong>hostium,</strong></span> <span class='ocrx_word' id='word_1_49' title='bbox 1368 705 1460 776; x_wconf 87' lang='lat' dir='ltr'><strong>M.</strong></span> <span class='ocrx_word' id='word_1_50' title='bbox 1471 700 1722 786; x_wconf 85' lang='lat' dir='ltr'><strong>Fabius,</strong></span> <span class='ocrx_word' id='word_1_51' title='bbox 1742 703 2211 780; x_wconf 60' lang='lat' dir='ltr'><strong>circumductis</strong></span> 
     </span>
     <span class='ocr_line' id='line_1_8' title="bbox 256 797 2212 903; baseline 0.003 -30"><span class='ocrx_word' id='word_1_52' title='bbox 256 804 621 903; x_wconf 77' lang='lat' dir='ltr'>paullulum</span> <span class='ocrx_word' id='word_1_53' title='bbox 644 800 786 882; x_wconf 84' lang='lat' dir='ltr'><strong>alis,</strong></span> <span class='ocrx_word' id='word_1_54' title='bbox 805 799 889 870; x_wconf 85' lang='lat' dir='ltr'><strong>ab</strong></span> <span class='ocrx_word' id='word_1_55' title='bbox 907 822 1101 898; x_wconf 87' lang='lat' dir='ltr'><strong>tergo</strong></span> <span class='ocrx_word' id='word_1_56' title='bbox 1122 797 1489 895; x_wconf 88' lang='lat' dir='ltr'><strong>pedestrem</strong></span> <span class='ocrx_word' id='word_1_57' title='bbox 1506 801 1712 872; x_wconf 85' lang='lat' dir='ltr'><strong>aciem</strong></span> <span class='ocrx_word' id='word_1_58' title='bbox 1734 802 2046 876; x_wconf 80' lang='lat' dir='ltr'><strong>adoritur.</strong></span> <span class='ocrx_word' id='word_1_59' title='bbox 2071 808 2212 878; x_wconf 70' lang='lat' dir='ltr'><strong>cla⁴</strong></span> 
     </span>
     <span class='ocr_line' id='line_1_9' title="bbox 263 898 2215 990; baseline 0.002 -15"><span class='ocrx_word' id='word_1_60' title='bbox 263 927 412 975; x_wconf 87' lang='lat' dir='ltr'><strong>mor</strong></span> <span class='ocrx_word' id='word_1_61' title='bbox 433 901 584 974; x_wconf 88' lang='lat' dir='ltr'><strong>inde</strong></span> <span class='ocrx_word' id='word_1_62' title='bbox 605 924 816 972; x_wconf 84' lang='lat' dir='ltr'><strong>novus</strong></span> <span class='ocrx_word' id='word_1_63' title='bbox 834 898 1164 978; x_wconf 87' lang='lat' dir='ltr'><strong>accidens,</strong></span> <span class='ocrx_word' id='word_1_64' title='bbox 1184 907 1251 972; x_wconf 75' lang='grc' dir='ltr'><strong>δι</strong></span> <span class='ocrx_word' id='word_1_65' title='bbox 1275 898 1664 972; x_wconf 84' lang='lat' dir='ltr'>Samnitium</span> <span class='ocrx_word' id='word_1_66' title='bbox 1678 901 1931 973; x_wconf 81' lang='lat' dir='ltr'><strong>animos</strong></span> <span class='ocrx_word' id='word_1_67' title='bbox 1950 908 2215 990; x_wconf 83' lang='lat' dir='ltr'><strong>terruit,</strong></span> 
     </span>
     <span class='ocr_line' id='line_1_10' title="bbox 263 994 2214 1100; baseline 0.002 -27"><span class='ocrx_word' id='word_1_68' title='bbox 263 1009 332 1078; x_wconf 73' lang='grc' dir='ltr'><strong>δι</strong></span> <span class='ocrx_word' id='word_1_69' title='bbox 352 998 659 1084; x_wconf 72' lang='grc' dir='ltr'><strong>ἀίἂαεοτ,</strong></span> <span class='ocrx_word' id='word_1_70' title='bbox 677 999 792 1082; x_wconf 74' lang='lat' dir='ltr'><strong>ubi</strong></span> <span class='ocrx_word' id='word_1_71' title='bbox 812 994 1253 1093; x_wconf 63' lang='lat' dir='ltr'><strong>respeaantes</strong></span> <span class='ocrx_word' id='word_1_72' title='bbox 1271 996 1556 1070; x_wconf 89' lang='lat' dir='ltr'><strong>hostium</strong></span> <span class='ocrx_word' id='word_1_73' title='bbox 1581 997 2214 1100; x_wconf 77' lang='lat' dir='ltr'><strong>antefignanOS‚tur-</strong></span> 
     </span>
     <span class='ocr_line' id='line_1_11' title="bbox 264 1093 2213 1200; baseline 0.002 -29"><span class='ocrx_word' id='word_1_74' title='bbox 264 1099 547 1200; x_wconf 84' lang='lat' dir='ltr'><strong>bataque</strong></span> <span class='ocrx_word' id='word_1_75' title='bbox 569 1097 742 1198; x_wconf 76' lang='lat' dir='ltr'><strong>signa</strong></span> <span class='ocrx_word' id='word_1_76' title='bbox 759 1142 780 1177; x_wconf 88' lang='lat'>‚</span> <span class='ocrx_word' id='word_1_77' title='bbox 812 1106 876 1171; x_wconf 79' lang='grc' dir='ltr'><strong>δι</strong></span> <span class='ocrx_word' id='word_1_78' title='bbox 905 1093 1336 1171; x_wconf 66' lang='grc' dir='ltr'><strong>Ηυᾶυεηῑεω</strong></span> <span class='ocrx_word' id='word_1_79' title='bbox 1358 1099 1567 1170; x_wconf 87' lang='lat' dir='ltr'><strong>aciem</strong></span> <span class='ocrx_word' id='word_1_80' title='bbox 1589 1098 1790 1179; x_wconf 83' lang='lat' dir='ltr'><strong>vidit,</strong></span> <span class='ocrx_word' id='word_1_81' title='bbox 1820 1120 1961 1171; x_wconf 77' lang='lat' dir='ltr'><strong>turn</strong></span> <span class='ocrx_word' id='word_1_82' title='bbox 1982 1103 2213 1200; x_wconf 60' lang='lat' dir='ltr'><strong>appel*</strong></span> 
     </span>
     <span class='ocr_line' id='line_1_12' title="bbox 262 1195 2219 1298; baseline 0.001 -27"><span class='ocrx_word' id='word_1_83' title='bbox 262 1202 401 1271; x_wconf 86' lang='lat' dir='ltr'><strong>lare</strong></span> <span class='ocrx_word' id='word_1_84' title='bbox 420 1245 441 1279; x_wconf 85' lang='lat'><strong>,</strong></span> <span class='ocrx_word' id='word_1_85' title='bbox 484 1222 622 1270; x_wconf 90' lang='lat' dir='ltr'><strong>tum</strong></span> <span class='ocrx_word' id='word_1_86' title='bbox 641 1195 978 1268; x_wconf 86' lang='lat' dir='ltr'><strong>adhortari·</strong></span> <span class='ocrx_word' id='word_1_87' title='bbox 992 1195 1231 1270; x_wconf 89' lang='lat' dir='ltr'><strong>milites</strong></span> <span class='ocrx_word' id='word_1_88' title='bbox 1252 1243 1274 1277; x_wconf 89' lang='lat'>‚</span> <span class='ocrx_word' id='word_1_89' title='bbox 1306 1197 1619 1269; x_wconf 84' lang='lat' dir='ltr'><strong>tribunos.</strong></span> <span class='ocrx_word' id='word_1_90' title='bbox 1628 1198 2085 1298; x_wconf 86' lang='lat' dir='ltr'><strong>principesque</strong></span> <span class='ocrx_word' id='word_1_91' title='bbox 2103 1226 2219 1273; x_wconf 71' lang='lat' dir='ltr'><strong>or-</strong></span> 
     </span>
     <span class='ocr_line' id='line_1_13' title="bbox 253 1294 2221 1396; baseline 0.004 -26"><span class='ocrx_word' id='word_1_92' title='bbox 253 1301 485 1371; x_wconf 90' lang='lat' dir='ltr'><strong>dinum</strong></span> <span class='ocrx_word' id='word_1_93' title='bbox 504 1297 891 1369; x_wconf 90' lang='lat' dir='ltr'><strong>nominatim</strong></span> <span class='ocrx_word' id='word_1_94' title='bbox 914 1295 991 1365; x_wconf 90' lang='lat' dir='ltr'><strong>ad</strong></span> <span class='ocrx_word' id='word_1_95' title='bbox 1012 1295 1374 1368; x_wconf 84' lang='lat' dir='ltr'><strong>iterandam</strong></span> <span class='ocrx_word' id='word_1_96' title='bbox 1407 1294 1625 1369; x_wconf 89' lang='lat' dir='ltr'><strong>secum</strong></span> <span class='ocrx_word' id='word_1_97' title='bbox 1643 1323 1930 1396; x_wconf 87' lang='lat' dir='ltr'><strong>pugnam</strong></span> <span class='ocrx_word' id='word_1_98' title='bbox 1949 1324 2221 1377; x_wconf 58' lang='lat' dir='ltr'><strong>vocares</strong></span> 
     </span>
     <span class='ocr_line' id='line_1_14' title="bbox 261 1391 2216 1501; baseline 0.001 -31"><span class='ocrx_word' id='word_1_99' title='bbox 261 1400 547 1470; x_wconf 84' lang='lat' dir='ltr'><strong>Novato</strong></span> <span class='ocrx_word' id='word_1_100' title='bbox 567 1398 857 1501; x_wconf 65' lang='lat' dir='ltr'><strong>clamore</strong></span> <span class='ocrx_word' id='word_1_101' title='bbox 874 1391 1466 1493; x_wconf 84' lang='lat' dir='ltr'><strong>fignainferuntur:</strong></span> <span class='ocrx_word' id='word_1_102' title='bbox 1504 1404 1571 1469; x_wconf 75' lang='grc' dir='ltr'><strong>δι</strong></span> <span class='ocrx_word' id='word_1_103' title='bbox 1596 1396 1910 1495; x_wconf 89' lang='lat' dir='ltr'><strong>quicquid</strong></span> <span class='ocrx_word' id='word_1_104' title='bbox 1932 1423 2216 1498; x_wconf 89' lang='lat' dir='ltr'><strong>progre-</strong></span> 
     </span>
     <span class='ocr_line' id='line_1_15' title="bbox 261 1489 2215 1592; baseline 0.002 -24"><span class='ocrx_word' id='word_1_105' title='bbox 261 1496 616 1569; x_wconf 88' lang='lat' dir='ltr'><strong>diebantur</strong></span> <span class='ocrx_word' id='word_1_106' title='bbox 632 1540 654 1574; x_wconf 87' lang='lat'>‚</span> <span class='ocrx_word' id='word_1_107' title='bbox 679 1495 886 1592; x_wconf 81' lang='lat' dir='ltr'><strong>magis</strong></span> <span class='ocrx_word' id='word_1_108' title='bbox 910 1489 1245 1591; x_wconf 85' lang='lat' dir='ltr'><strong>magisque</strong></span> <span class='ocrx_word' id='word_1_109' title='bbox 1266 1494 1566 1566; x_wconf 87' lang='lat' dir='ltr'><strong>turbatos</strong></span> <span class='ocrx_word' id='word_1_110' title='bbox 1584 1493 1806 1566; x_wconf 87' lang='lat' dir='ltr'><strong>hostes</strong></span> <span class='ocrx_word' id='word_1_111' title='bbox 1825 1497 2215 1571; x_wconf 83' lang='lat' dir='ltr'><strong>cernebant.</strong></span> 
     </span>
     <span class='ocr_line' id='line_1_16' title="bbox 260 1589 2214 1692; baseline 0 -23"><span class='ocrx_word' id='word_1_112' title='bbox 260 1599 324 1669; x_wconf 84' lang='lat' dir='ltr'><strong>E</strong></span> <span class='ocrx_word' id='word_1_113' title='bbox 377 1620 487 1666; x_wconf 84' lang='lat' dir='ltr'><strong>ues</strong></span> <span class='ocrx_word' id='word_1_114' title='bbox 506 1589 638 1692; x_wconf 91' lang='lat' dir='ltr'><strong>ipse</strong></span> <span class='ocrx_word' id='word_1_115' title='bbox 661 1594 792 1686; x_wconf 85' lang='lat' dir='ltr'><strong>jam</strong></span> <span class='ocrx_word' id='word_1_116' title='bbox 813 1592 1058 1688; x_wconf 85' lang='lat' dir='ltr'><strong>primus</strong></span> <span class='ocrx_word' id='word_1_117' title='bbox 1072 1614 1212 1662; x_wconf 87' lang='lat' dir='ltr'><strong>erat</strong></span> <span class='ocrx_word' id='word_1_118' title='bbox 1231 1592 1300 1662; x_wconf 88' lang='lat' dir='ltr'><strong>in</strong></span> <span class='ocrx_word' id='word_1_119' title='bbox 1318 1590 1672 1691; x_wconf 61' lang='lat' dir='ltr'><strong>conspeeiu</strong></span> <span class='ocrx_word' id='word_1_120' title='bbox 1691 1622 1708 1664; x_wconf 71' lang='grc' dir='ltr'><em>τ</em></span> <span class='ocrx_word' id='word_1_121' title='bbox 1730 1603 1797 1668; x_wconf 75' lang='grc' dir='ltr'><strong>δι</strong></span> <span class='ocrx_word' id='word_1_122' title='bbox 1826 1598 2214 1684; x_wconf 48' lang='lat' dir='ltr'><strong>Cornelia&amp;-</strong></span> 
     </span>
    </p>

    <p class='ocr_par' dir='ltr' id='par_1_3' title="bbox 261 1691 2281 1797">
     <span class='ocr_line' id='line_1_17' title="bbox 261 1691 2281 1797; baseline 0.001 -32"><span class='ocrx_word' id='word_1_123' title='bbox 261 1719 335 1765; x_wconf 90' lang='lat' dir='ltr'><strong>re</strong></span> <span class='ocrx_word' id='word_1_124' title='bbox 369 1694 613 1790; x_wconf 83' lang='lat' dir='ltr'><strong>piciens</strong></span> <span class='ocrx_word' id='word_1_125' title='bbox 642 1692 723 1763; x_wconf 84' lang='lat' dir='ltr'><strong>ad</strong></span> <span class='ocrx_word' id='word_1_126' title='bbox 757 1692 1128 1788; x_wconf 86' lang='lat' dir='ltr'><strong>manipulos</strong></span> <span class='ocrx_word' id='word_1_127' title='bbox 1167 1691 1454 1763; x_wconf 91' lang='lat' dir='ltr'><strong>militum</strong></span> <span class='ocrx_word' id='word_1_128' title='bbox 1476 1747 1495 1774; x_wconf 91' lang='lat'>,</span> <span class='ocrx_word' id='word_1_129' title='bbox 1591 1695 1723 1764; x_wconf 91' lang='lat' dir='ltr'><strong>uod</strong></span> <span class='ocrx_word' id='word_1_130' title='bbox 1756 1719 1948 1766; x_wconf 88' lang='lat' dir='ltr'><strong>manu</strong></span> <span class='ocrx_word' id='word_1_131' title='bbox 1968 1741 1989 1776; x_wconf 88' lang='lat'>‚</span> <span class='ocrx_word' id='word_1_132' title='bbox 2027 1699 2214 1797; x_wconf 89' lang='lat' dir='ltr'><strong>quod</strong></span> <span class='ocrx_word' id='word_1_133' title='bbox 2274 1723 2281 1730; x_wconf 91' lang='lat'><strong>·</strong></span> 
     </span>
    </p>

    <p class='ocr_par' dir='ltr' id='par_1_4' title="bbox 260 1719 2313 3550">
     <span class='ocr_line' id='line_1_18' title="bbox 260 1719 2251 1893; baseline 0.003 -28"><span class='ocrx_word' id='word_1_134' title='bbox 260 1816 434 1865; x_wconf 82' lang='lat' dir='ltr'><strong>voce</strong></span> <span class='ocrx_word' id='word_1_135' title='bbox 454 1812 737 1889; x_wconf 84' lang='lat' dir='ltr'><strong>poterat,</strong></span> <span class='ocrx_word' id='word_1_136' title='bbox 755 1789 1187 1875; x_wconf 88' lang='lat' dir='ltr'><strong>monstrabat,</strong></span> <span class='ocrx_word' id='word_1_137' title='bbox 1204 1790 1440 1862; x_wconf 84' lang='lat' dir='ltr'><strong>vexilla</strong></span> <span class='ocrx_word' id='word_1_138' title='bbox 1463 1788 1524 1862; x_wconf 90' lang='lat' dir='ltr'><strong>se</strong></span> <span class='ocrx_word' id='word_1_139' title='bbox 1540 1719 1805 1865; x_wconf 58' lang='lat' dir='ltr'><strong>iiiorum</strong></span> <span class='ocrx_word' id='word_1_140' title='bbox 1827 1796 2095 1893; x_wconf 87' lang='lat' dir='ltr'><strong>parmas</strong></span> <span class='ocrx_word' id='word_1_141' title='bbox 2127 1822 2217 1871; x_wconf 87' lang='lat' dir='ltr'><strong>ue</strong></span> <span class='ocrx_word' id='word_1_142' title='bbox 2250 1827 2251 1830; x_wconf 44' lang='lat'>¹</span> 
     </span>
     <span class='ocr_line' id='line_1_19' title="bbox 261 1825 2213 1995; baseline 0.004 -31"><span class='ocrx_word' id='word_1_143' title='bbox 261 1913 536 1964; x_wconf 86' lang='lat' dir='ltr'><strong>cernere</strong></span> <span class='ocrx_word' id='word_1_144' title='bbox 569 1890 889 1990; x_wconf 87' lang='lat' dir='ltr'><strong>equitum.</strong></span> <span class='ocrx_word' id='word_1_145' title='bbox 940 1890 1148 1985; x_wconf 80' lang='lat' dir='ltr'><strong>Qod</strong></span> <span class='ocrx_word' id='word_1_146' title='bbox 1184 1889 1310 1960; x_wconf 93' lang='lat' dir='ltr'><strong>ubi·</strong></span> <span class='ocrx_word' id='word_1_147' title='bbox 1327 1890 1614 1963; x_wconf 89' lang='lat' dir='ltr'><strong>auditum</strong></span> <span class='ocrx_word' id='word_1_148' title='bbox 1651 1890 1968 1995; x_wconf 68' lang='lat' dir='ltr'><strong>simulque</strong></span> <span class='ocrx_word' id='word_1_149' title='bbox 2006 1825 2213 1972; x_wconf 61' lang='lat' dir='ltr'>vssqum</span> 
     </span>
     <span class='ocr_line' id='line_1_20' title="bbox 264 1989 2211 2089; baseline 0.004 -26"><span class='ocrx_word' id='word_1_150' title='bbox 264 1990 361 2063; x_wconf 88' lang='lat' dir='ltr'><strong>est</strong></span> <span class='ocrx_word' id='word_1_151' title='bbox 383 2037 402 2071; x_wconf 88' lang='lat'>‚</span> <span class='ocrx_word' id='word_1_152' title='bbox 437 1991 602 2063; x_wconf 87' lang='lat' dir='ltr'><strong>adeo</strong></span> <span class='ocrx_word' id='word_1_153' title='bbox 625 2011 896 2087; x_wconf 89' lang='lat' dir='ltr'><strong>repente</strong></span> <span class='ocrx_word' id='word_1_154' title='bbox 916 1989 1161 2060; x_wconf 86' lang='lat' dir='ltr'><strong>laboris</strong></span> <span class='ocrx_word' id='word_1_155' title='bbox 1181 2014 1300 2088; x_wconf 92' lang='lat' dir='ltr'><strong>per</strong></span> <span class='ocrx_word' id='word_1_156' title='bbox 1316 1990 1494 2063; x_wconf 90' lang='lat' dir='ltr'><strong>diem</strong></span> <span class='ocrx_word' id='word_1_157' title='bbox 1513 2015 1682 2089; x_wconf 92' lang='lat' dir='ltr'><strong>pene</strong></span> <span class='ocrx_word' id='word_1_158' title='bbox 1700 2013 1918 2066; x_wconf 90' lang='lat' dir='ltr'><strong>totum</strong></span> <span class='ocrx_word' id='word_1_159' title='bbox 1939 1997 2211 2072; x_wconf 87' lang='lat' dir='ltr'><strong>tolerati</strong></span> 
     </span>
     <span class='ocr_line' id='line_1_21' title="bbox 266 2085 2219 2191; baseline 0.004 -30"><span class='ocrx_word' id='word_1_160' title='bbox 266 2092 744 2190; x_wconf 85' lang='lat' dir='ltr'><strong>vulnerumque</strong></span> <span class='ocrx_word' id='word_1_161' title='bbox 765 2089 965 2160; x_wconf 90' lang='lat' dir='ltr'><strong>obliti</strong></span> <span class='ocrx_word' id='word_1_162' title='bbox 983 2085 1130 2161; x_wconf 89' lang='lat' dir='ltr'><strong>sunt</strong></span> <span class='ocrx_word' id='word_1_163' title='bbox 1150 2134 1171 2170; x_wconf 89' lang='lat'>‚</span> <span class='ocrx_word' id='word_1_164' title='bbox 1188 2088 1449 2161; x_wconf 86' lang='lat' dir='ltr'><strong>ut-haud</strong></span> <span class='ocrx_word' id='word_1_165' title='bbox 1469 2086 1646 2163; x_wconf 86' lang='lat' dir='ltr'><strong>secus</strong></span> <span class='ocrx_word' id='word_1_166' title='bbox 1667 2117 1867 2191; x_wconf 86' lang='lat' dir='ltr'><strong>quam</strong></span> <span class='ocrx_word' id='word_1_167' title='bbox 1886 2092 1933 2165; x_wconf 80' lang='lat' dir='ltr'><strong>si</strong></span> <span class='ocrx_word' id='word_1_168' title='bbox 1952 2117 2090 2169; x_wconf 89' lang='lat' dir='ltr'><strong>tum</strong></span> <span class='ocrx_word' id='word_1_169' title='bbox 2110 2099 2219 2169; x_wconf 84' lang='lat' dir='ltr'><strong>in·</strong></span> 
     </span>
     <span class='ocr_line' id='line_1_22' title="bbox 266 2186 2212 2289; baseline 0.005 -30"><span class='ocrx_word' id='word_1_170' title='bbox 266 2190 437 2289; x_wconf 85' lang='lat' dir='ltr'><strong>tegri</strong></span> <span class='ocrx_word' id='word_1_171' title='bbox 460 2189 496 2259; x_wconf 79' lang='grc' dir='ltr'>ὲ</span> <span class='ocrx_word' id='word_1_172' title='bbox 519 2190 735 2261; x_wconf 84' lang='lat' dir='ltr'><strong>castris</strong></span> <span class='ocrx_word' id='word_1_173' title='bbox 750 2187 1001 2287; x_wconf 85' lang='lat' dir='ltr'><strong>lignum</strong></span> <span class='ocrx_word' id='word_1_174' title='bbox 1022 2214 1256 2286; x_wconf 84' lang='lat' dir='ltr'><strong>pugnae</strong></span> <span class='ocrx_word' id='word_1_175' title='bbox 1272 2186 1661 2287; x_wconf 76' lang='lat' dir='ltr'><strong>accepissent</strong></span> <span class='ocrx_word' id='word_1_176' title='bbox 1677 2236 1699 2270; x_wconf 87' lang='lat'>‚</span> <span class='ocrx_word' id='word_1_177' title='bbox 1723 2193 2212 2267; x_wconf 72' lang='lat' dir='ltr'><strong>concitaverint</strong></span> 
     </span>
     <span class='ocr_line' id='line_1_23' title="bbox 262 2285 2218 2391; baseline 0.002 -31"><span class='ocrx_word' id='word_1_178' title='bbox 262 2285 413 2360; x_wconf 90' lang='lat' dir='ltr'><strong>sein</strong></span> <span class='ocrx_word' id='word_1_179' title='bbox 430 2288 709 2359; x_wconf 83' lang='lat' dir='ltr'><strong>hostem.</strong></span> <span class='ocrx_word' id='word_1_180' title='bbox 744 2311 865 2358; x_wconf 91' lang='lat' dir='ltr'><strong>nec</strong></span> <span class='ocrx_word' id='word_1_181' title='bbox 902 2290 1074 2358; x_wconf 86' lang='lat' dir='ltr'><strong>ultra</strong></span> <span class='ocrx_word' id='word_1_182' title='bbox 1101 2288 1353 2357; x_wconf 83' lang='lat' dir='ltr'><strong>Samnis</strong></span> <span class='ocrx_word' id='word_1_183' title='bbox 1375 2290 1662 2359; x_wconf 82' lang='lat' dir='ltr'><strong>tolerare</strong></span> <span class='ocrx_word' id='word_1_184' title='bbox 1680 2312 2001 2361; x_wconf 87' lang='lat' dir='ltr'><strong>terrorem</strong></span> <span class='ocrx_word' id='word_1_185' title='bbox 2022 2293 2218 2391; x_wconf 67' lang='lat' dir='ltr'><strong>equi-</strong></span> 
     </span>
     <span class='ocr_line' id='line_1_24' title="bbox 267 2384 2214 2488; baseline 0.002 -29"><span class='ocrx_word' id='word_1_186' title='bbox 267 2409 411 2460; x_wconf 90' lang='lat' dir='ltr'><strong>tum</strong></span> <span class='ocrx_word' id='word_1_187' title='bbox 433 2385 857 2481; x_wconf 81' lang='lat' dir='ltr'><strong>peditumque</strong></span> <span class='ocrx_word' id='word_1_188' title='bbox 878 2384 1010 2453; x_wconf 87' lang='lat' dir='ltr'><strong>vim</strong></span> <span class='ocrx_word' id='word_1_189' title='bbox 1035 2385 1285 2479; x_wconf 82' lang='lat' dir='ltr'><strong>potuit:</strong></span> <span class='ocrx_word' id='word_1_190' title='bbox 1311 2384 1547 2480; x_wconf 85' lang='lat' dir='ltr'><strong>partim</strong></span> <span class='ocrx_word' id='word_1_191' title='bbox 1562 2386 1629 2454; x_wconf 91' lang='lat' dir='ltr'><strong>in</strong></span> <span class='ocrx_word' id='word_1_192' title='bbox 1652 2388 1875 2459; x_wconf 88' lang='lat' dir='ltr'><strong>medio</strong></span> <span class='ocrx_word' id='word_1_193' title='bbox 1895 2389 2214 2488; x_wconf 59' lang='grc' dir='ltr'><strong>(πῆραι-</strong></span> 
     </span>
     <span class='ocr_line' id='line_1_25' title="bbox 264 2478 2216 2581; baseline 0.002 -25"><span class='ocrx_word' id='word_1_194' title='bbox 264 2486 474 2556; x_wconf 87' lang='lat' dir='ltr'><strong>timin</strong></span> <span class='ocrx_word' id='word_1_195' title='bbox 501 2480 720 2581; x_wconf 86' lang='lat' dir='ltr'><strong>fugam</strong></span> <span class='ocrx_word' id='word_1_196' title='bbox 740 2478 1224 2576; x_wconf 85' lang='lat' dir='ltr'><strong>dissipati·sunt.</strong></span> <span class='ocrx_word' id='word_1_197' title='bbox 1280 2495 1306 2529; x_wconf 78' lang='lat'><strong><em>⁶</em></strong></span> <span class='ocrx_word' id='word_1_198' title='bbox 1352 2482 1911 2558; x_wconf 82' lang='lat' dir='ltr'><strong>Pedesrestantes</strong></span> <span class='ocrx_word' id='word_1_199' title='bbox 1931 2532 1952 2567; x_wconf 88' lang='lat'>‚</span> <span class='ocrx_word' id='word_1_200' title='bbox 1990 2514 2062 2559; x_wconf 92' lang='lat' dir='ltr'><strong>ac</strong></span> <span class='ocrx_word' id='word_1_201' title='bbox 2085 2489 2216 2561; x_wconf 70' lang='lat' dir='ltr'><strong>cir-⁹</strong></span> 
     </span>
     <span class='ocr_line' id='line_1_26' title="bbox 274 2576 2217 2684; baseline 0.002 -28"><span class='ocrx_word' id='word_1_202' title='bbox 274 2603 667 2656; x_wconf 80' lang='lat' dir='ltr'><strong>cumventos</strong></span> <span class='ocrx_word' id='word_1_203' title='bbox 691 2579 929 2650; x_wconf 89' lang='lat' dir='ltr'><strong>cecidit</strong></span> <span class='ocrx_word' id='word_1_204' title='bbox 951 2606 970 2648; x_wconf 77' lang='lat' dir='ltr'><strong>t</strong></span> <span class='ocrx_word' id='word_1_205' title='bbox 988 2577 1071 2648; x_wconf 91' lang='lat' dir='ltr'><strong>ab</strong></span> <span class='ocrx_word' id='word_1_206' title='bbox 1087 2578 1310 2676; x_wconf 88' lang='lat' dir='ltr'><strong>equite</strong></span> <span class='ocrx_word' id='word_1_207' title='bbox 1330 2576 1715 2681; x_wconf 87' lang='lat' dir='ltr'><strong>fugientium</strong></span> <span class='ocrx_word' id='word_1_208' title='bbox 1734 2582 1980 2684; x_wconf 84' lang='lat' dir='ltr'><strong>strages</strong></span> <span class='ocrx_word' id='word_1_209' title='bbox 2000 2585 2094 2659; x_wconf 88' lang='lat' dir='ltr'><strong>est</strong></span> <span class='ocrx_word' id='word_1_210' title='bbox 2116 2585 2217 2659; x_wconf 80' lang='lat' dir='ltr'><strong>fa-&#39;</strong></span> 
     </span>
     <span class='ocr_line' id='line_1_27' title="bbox 271 2675 2213 2778; baseline 0.012 -39"><span class='ocrx_word' id='word_1_211' title='bbox 271 2686 430 2755; x_wconf 7' lang='lat' dir='ltr'><strong>&amp;aar</strong></span> <span class='ocrx_word' id='word_1_212' title='bbox 452 2682 621 2752; x_wconf 88' lang='lat' dir='ltr'><strong>inter</strong></span> <span class='ocrx_word' id='word_1_213' title='bbox 637 2703 804 2778; x_wconf 84' lang='lat' dir='ltr'><strong>quos</strong></span> <span class='ocrx_word' id='word_1_214' title='bbox 823 2687 890 2752; x_wconf 75' lang='grc' dir='ltr'><strong>δι</strong></span> <span class='ocrx_word' id='word_1_215' title='bbox 917 2675 1049 2775; x_wconf 88' lang='lat' dir='ltr'><strong>ipse</strong></span> <span class='ocrx_word' id='word_1_216' title='bbox 1067 2679 1429 2776; x_wconf 86' lang='lat' dir='ltr'><strong>imperator</strong></span> <span class='ocrx_word' id='word_1_217' title='bbox 1453 2682 1712 2752; x_wconf 86' lang='lat' dir='ltr'><strong>cecidit.</strong></span> <span class='ocrx_word' id='word_1_218' title='bbox 1767 2687 1922 2755; x_wconf 88' lang='lat' dir='ltr'><strong>Hoc</strong></span> <span class='ocrx_word' id='word_1_219' title='bbox 1941 2686 2213 2763; x_wconf 86' lang='lat' dir='ltr'><strong>demum</strong></span> 
     </span>
     <span class='ocr_line' id='line_1_28' title="bbox 270 2777 2216 2880; baseline 0.004 -28"><span class='ocrx_word' id='word_1_220' title='bbox 270 2781 565 2880; x_wconf 72' lang='lat' dir='ltr'><strong>praelium</strong></span> <span class='ocrx_word' id='word_1_221' title='bbox 582 2778 967 2852; x_wconf 87' lang='lat' dir='ltr'><strong>Samnitium</strong></span> <span class='ocrx_word' id='word_1_222' title='bbox 986 2782 1198 2848; x_wconf 87' lang='lat' dir='ltr'><strong>res·ita</strong></span> <span class='ocrx_word' id='word_1_223' title='bbox 1221 2777 1490 2878; x_wconf 84' lang='lat' dir='ltr'><strong>infregit</strong></span> <span class='ocrx_word' id='word_1_224' title='bbox 1514 2829 1535 2859; x_wconf 81' lang='grc'><em>,</em></span> <span class='ocrx_word' id='word_1_225' title='bbox 1571 2802 1639 2851; x_wconf 90' lang='lat' dir='ltr'><strong>ut</strong></span> <span class='ocrx_word' id='word_1_226' title='bbox 1659 2782 1964 2855; x_wconf 88' lang='lat' dir='ltr'><strong>omnibus</strong></span> <span class='ocrx_word' id='word_1_227' title='bbox 1985 2789 2216 2859; x_wconf 63' lang='lat' dir='ltr'><strong>&#39;concio&#39;</strong></span> 
     </span>
     <span class='ocr_line' id='line_1_29' title="bbox 269 2877 2206 2977; baseline 0.002 -24"><span class='ocrx_word' id='word_1_228' title='bbox 269 2883 371 2953; x_wconf 85' lang='lat' dir='ltr'><strong>liis</strong></span> <span class='ocrx_word' id='word_1_229' title='bbox 396 2877 753 2951; x_wconf 87' lang='lat' dir='ltr'><strong>fremerent</strong></span> <span class='ocrx_word' id='word_1_230' title='bbox 776 2922 797 2957; x_wconf 90' lang='lat'>‚</span> <span class='ocrx_word' id='word_1_231' title='bbox 831 2879 1068 2946; x_wconf 80' lang='lat' dir='ltr'><strong>minime</strong></span> <span class='ocrx_word' id='word_1_232' title='bbox 1087 2879 1148 2945; x_wconf 79' lang='lat' dir='ltr'><strong>id</strong></span> <span class='ocrx_word' id='word_1_233' title='bbox 1178 2880 1404 2968; x_wconf 80' lang='lat' dir='ltr'><strong>quidem</strong></span> <span class='ocrx_word' id='word_1_234' title='bbox 1426 2880 1636 2948; x_wconf 81' lang='lat' dir='ltr'><strong>mirum</strong></span> <span class='ocrx_word' id='word_1_235' title='bbox 1653 2883 1751 2976; x_wconf 82' lang='lat' dir='ltr'><strong>effe</strong></span> <span class='ocrx_word' id='word_1_236' title='bbox 1769 2927 1788 2959; x_wconf 92' lang='lat'>,</span> <span class='ocrx_word' id='word_1_237' title='bbox 1805 2883 1860 2977; x_wconf 81' lang='lat' dir='ltr'><em>fi</em></span> <span class='ocrx_word' id='word_1_238' title='bbox 1876 2885 2041 2976; x_wconf 76' lang='lat' dir='ltr'><strong>impio</strong></span> <span class='ocrx_word' id='word_1_239' title='bbox 2056 2887 2206 2971; x_wconf 74' lang='lat' dir='ltr'><strong>bello,</strong></span> 
     </span>
     <span class='ocr_line' id='line_1_30' title="bbox 273 2973 2218 3075; baseline 0.002 -26"><span class='ocrx_word' id='word_1_240' title='bbox 273 2982 345 3057; x_wconf 59' lang='grc' dir='ltr'><strong>(θ’</strong></span> <span class='ocrx_word' id='word_1_241' title='bbox 367 2999 559 3050; x_wconf 81' lang='lat' dir='ltr'><strong>contra</strong></span> <span class='ocrx_word' id='word_1_242' title='bbox 561 2976 742 3074; x_wconf 74' lang='lat' dir='ltr'><strong>fadus</strong></span> <span class='ocrx_word' id='word_1_243' title='bbox 743 2973 1012 3070; x_wconf 64' lang='lat' dir='ltr'><strong>suftcpw,</strong></span> <span class='ocrx_word' id='word_1_244' title='bbox 1037 2973 1402 3075; x_wconf 70' lang='lat' dir='ltr'><strong>infestioribm</strong></span> <span class='ocrx_word' id='word_1_245' title='bbox 1415 2980 1614 3045; x_wconf 78' lang='lat' dir='ltr'><strong>merito</strong></span> <span class='ocrx_word' id='word_1_246' title='bbox 1634 2983 1766 3047; x_wconf 76' lang='lat' dir='ltr'><strong>Diis</strong></span> <span class='ocrx_word' id='word_1_247' title='bbox 1779 3002 1955 3072; x_wconf 80' lang='lat' dir='ltr'><strong>quam</strong></span> <span class='ocrx_word' id='word_1_248' title='bbox 1971 2985 2218 3053; x_wconf 78' lang='lat' dir='ltr'><strong>homini-</strong></span> 
     </span>
     <span class='ocr_line' id='line_1_31' title="bbox 277 3072 2220 3171; baseline 0.003 -25"><span class='ocrx_word' id='word_1_249' title='bbox 277 3081 373 3147; x_wconf 79' lang='lat' dir='ltr'><strong>bus</strong></span> <span class='ocrx_word' id='word_1_250' title='bbox 384 3130 414 3170; x_wconf 7' lang='grc' dir='ltr'><strong>ἦ,</strong></span> <span class='ocrx_word' id='word_1_251' title='bbox 429 3080 571 3147; x_wconf 82' lang='lat' dir='ltr'><strong>nihil</strong></span> <span class='ocrx_word' id='word_1_252' title='bbox 581 3078 826 3171; x_wconf 80' lang='lat' dir='ltr'><strong>prospere</strong></span> <span class='ocrx_word' id='word_1_253' title='bbox 842 3093 1095 3166; x_wconf 82' lang='lat' dir='ltr'><strong>agerent.</strong></span> <span class='ocrx_word' id='word_1_254' title='bbox 1117 3078 1460 3166; x_wconf 73' lang='lat' dir='ltr'><strong>expiandum</strong></span> <span class='ocrx_word' id='word_1_255' title='bbox 1481 3078 1543 3144; x_wconf 83' lang='lat' dir='ltr'><strong>id</strong></span> <span class='ocrx_word' id='word_1_256' title='bbox 1558 3076 1756 3154; x_wconf 76' lang='lat' dir='ltr'><strong>bellum</strong></span> <span class='ocrx_word' id='word_1_257' title='bbox 1774 3103 1984 3170; x_wconf 73' lang='lat' dir='ltr'><strong>magna</strong></span> <span class='ocrx_word' id='word_1_258' title='bbox 2002 3072 2220 3154; x_wconf 68' lang='lat' dir='ltr'><strong>merce-²-</strong></span> 
     </span>
     <span class='ocr_line' id='line_1_32' title="bbox 277 3170 2221 3272; baseline 0.003 -29"><span class='ocrx_word' id='word_1_259' title='bbox 277 3177 346 3243; x_wconf 82' lang='lat' dir='ltr'><strong>de</strong></span> <span class='ocrx_word' id='word_1_260' title='bbox 365 3171 763 3264; x_wconf 65' lang='lat' dir='ltr'><strong>,luendumque</strong></span> <span class='ocrx_word' id='word_1_261' title='bbox 777 3177 889 3269; x_wconf 72' lang='lat' dir='ltr'><strong>effe.</strong></span> <span class='ocrx_word' id='word_1_262' title='bbox 947 3186 972 3241; x_wconf 89' lang='lat'><em>1</em></span> <span class='ocrx_word' id='word_1_263' title='bbox 978 3174 1018 3242; x_wconf 79' lang='lat' dir='ltr'><strong>d</strong></span> <span class='ocrx_word' id='word_1_264' title='bbox 1037 3170 1252 3263; x_wconf 84' lang='lat' dir='ltr'><strong>referre</strong></span> <span class='ocrx_word' id='word_1_265' title='bbox 1268 3193 1501 3244; x_wconf 81' lang='lat' dir='ltr'><strong>tantum</strong></span> <span class='ocrx_word' id='word_1_266' title='bbox 1522 3233 1537 3257; x_wconf 88' lang='lat'><em>‚</em></span> <span class='ocrx_word' id='word_1_267' title='bbox 1560 3196 1754 3245; x_wconf 83' lang='lat' dir='ltr'><strong>utrum</strong></span> <span class='ocrx_word' id='word_1_268' title='bbox 1752 3180 2031 3272; x_wconf 78' lang='lat' dir='ltr'><strong>supplicia</strong></span> <span class='ocrx_word' id='word_1_269' title='bbox 2047 3185 2221 3250; x_wconf 74' lang='lat' dir='ltr'><strong>noxia</strong></span> 
     </span>
     <span class='ocr_line' id='line_1_33' title="bbox 272 3272 2221 3369; baseline 0.005 -27"><span class='ocrx_word' id='word_1_270' title='bbox 272 3295 572 3367; x_wconf 74' lang='lat' dir='ltr'><strong>paucorum</strong></span> <span class='ocrx_word' id='word_1_271' title='bbox 587 3330 606 3356; x_wconf 92' lang='lat'><em>,</em></span> <span class='ocrx_word' id='word_1_272' title='bbox 628 3297 707 3340; x_wconf 85' lang='lat' dir='ltr'><strong>an</strong></span> <span class='ocrx_word' id='word_1_273' title='bbox 725 3276 968 3342; x_wconf 81' lang='lat' dir='ltr'><strong>omnium</strong></span> <span class='ocrx_word' id='word_1_274' title='bbox 990 3276 1221 3341; x_wconf 78' lang='lat' dir='ltr'><strong>innoxio</strong></span> <span class='ocrx_word' id='word_1_275' title='bbox 1236 3272 1795 3369; x_wconf 54' lang='lat' dir='ltr'><strong>prabeantsapguinc?</strong></span> <span class='ocrx_word' id='word_1_276' title='bbox 1812 3278 2221 3351; x_wconf 64' lang='lat' dir='ltr'><strong>:audebant-</strong></span> 
     </span>
     <span class='ocr_line' id='line_1_34' title="bbox 275 3371 2221 3473; baseline 0.004 -28"><span class='ocrx_word' id='word_1_277' title='bbox 275 3400 404 3473; x_wconf 89' lang='lat' dir='ltr'><strong>que</strong></span> <span class='ocrx_word' id='word_1_278' title='bbox 424 3377 556 3471; x_wconf 84' lang='lat' dir='ltr'><strong>jam</strong></span> <span class='ocrx_word' id='word_1_279' title='bbox 578 3371 843 3471; x_wconf 79' lang='lat' dir='ltr'><strong>quidam</strong></span> <span class='ocrx_word' id='word_1_280' title='bbox 864 3373 1209 3444; x_wconf 87' lang='lat' dir='ltr'><strong>nominare</strong></span> <span class='ocrx_word' id='word_1_281' title='bbox 1242 3374 1544 3444; x_wconf 62' lang='lat' dir='ltr'><strong>aucstores</strong></span> <span class='ocrx_word' id='word_1_282' title='bbox 1587 3398 1942 3448; x_wconf 85' lang='lat' dir='ltr'><strong>armorum.</strong></span> <span class='ocrx_word' id='word_1_283' title='bbox 1993 3384 2221 3452; x_wconf 81' lang='lat' dir='ltr'><strong>Unum</strong></span> 
     </span>
     <span class='ocr_line' id='line_1_35' title="bbox 1934 3478 2220 3550; baseline 0.01 -3"><span class='ocrx_word' id='word_1_284' title='bbox 1934 3478 2220 3550; x_wconf 77' lang='lat' dir='ltr'><strong>maxime</strong></span> 
     </span>
    </p>
   </div>
   <div class='ocr_carea' id='block_1_2' title="bbox 283 3617 2283 3856">
    <p class='ocr_par' dir='ltr' id='par_1_5' title="bbox 283 3617 2283 3856">
     <span class='ocr_line' id='line_1_36' title="bbox 333 3617 2228 3763; baseline 0.004 -64"><span class='ocrx_word' id='word_1_285' title='bbox 333 3664 364 3698; x_wconf 84' lang='lat' dir='ltr'><strong>c</strong></span> <span class='ocrx_word' id='word_1_286' title='bbox 391 3652 519 3699; x_wconf 73' lang='lat' dir='ltr'><strong>Pedes</strong></span> <span class='ocrx_word' id='word_1_287' title='bbox 533 3647 736 3710; x_wconf 59' lang='lat' dir='ltr'><strong>restantes</strong></span> <span class='ocrx_word' id='word_1_288' title='bbox 764 3647 1213 3700; x_wconf 66' lang='lat' dir='ltr'><strong>acciu-cummun-</strong></span> <span class='ocrx_word' id='word_1_289' title='bbox 1236 3644 1259 3763; x_wconf 56' lang='lat' dir='ltr'>J</span> <span class='ocrx_word' id='word_1_290' title='bbox 1283 3617 1511 3713; x_wconf 75' lang='lat' dir='ltr'><strong>scripserat</strong></span> <span class='ocrx_word' id='word_1_291' title='bbox 1527 3686 1542 3707; x_wconf 85' lang='lat'>,</span> <span class='ocrx_word' id='word_1_292' title='bbox 1558 3652 1688 3703; x_wconf 71' lang='lat' dir='ltr'><strong>Pedes</strong></span> <span class='ocrx_word' id='word_1_293' title='bbox 1702 3654 1903 3718; x_wconf 71' lang='lat' dir='ltr'><strong>restanus</strong></span> <span class='ocrx_word' id='word_1_294' title='bbox 1914 3628 2228 3707; x_wconf 60' lang='lat' dir='ltr'><strong>timue</strong></span> 
     </span>
     <span class='ocr_line' id='line_1_37' title="bbox 283 3711 2283 3856; baseline 0.004 -87"><span class='ocrx_word' id='word_1_295' title='bbox 283 3720 445 3780; x_wconf 65' lang='lat' dir='ltr'><strong>cidit-J</strong></span> <span class='ocrx_word' id='word_1_296' title='bbox 477 3720 562 3766; x_wconf 81' lang='lat' dir='ltr'><strong>vix</strong></span> <span class='ocrx_word' id='word_1_297' title='bbox 586 3711 724 3765; x_wconf 76' lang='lat' dir='ltr'><strong>credo</strong></span> <span class='ocrx_word' id='word_1_298' title='bbox 735 3711 1112 3779; x_wconf 61' lang='lat' dir='ltr'><strong>ro&#39;aeceffeuvii.</strong></span> <span class='ocrx_word' id='word_1_299' title='bbox 1137 3720 1215 3784; x_wconf 79' lang='lat' dir='ltr'><strong>qui</strong></span> <span class='ocrx_word' id='word_1_300' title='bbox 1282 3720 1454 3773; x_wconf 71' lang='lat' dir='ltr'><strong>cecidit·</strong></span> <span class='ocrx_word' id='word_1_301' title='bbox 1482 3716 1597 3771; x_wconf 84' lang='lat' dir='ltr'><strong>Vide</strong></span> <span class='ocrx_word' id='word_1_302' title='bbox 1619 3736 1717 3787; x_wconf 72' lang='lat' dir='ltr'><strong>qun.-</strong></span> <span class='ocrx_word' id='word_1_303' title='bbox 1743 3719 1946 3775; x_wconf 71' lang='lat' dir='ltr'><strong>dicemus</strong></span> <span class='ocrx_word' id='word_1_304' title='bbox 1971 3721 2031 3777; x_wconf 68' lang='lat' dir='ltr'><strong>ad</strong></span> <span class='ocrx_word' id='word_1_305' title='bbox 2053 3724 2238 3856; x_wconf 43' lang='grc' dir='ltr'><strong>Ιὶδὲἑεὲ.</strong></span> <span class='ocrx_word' id='word_1_306' title='bbox 2252 3785 2283 3829; x_wconf 40' lang='grc' dir='ltr'>ἱ</span> 
     </span>
    </p>
   </div>
  </div>
 </body>
</html>
