2593 4366
475 73 524 156 6
581 101 586 104 “
1073 75 1169 157 Τ.
1261 84 1325 157 L·
1376 108 1405 157 1
1454 107 1501 156 v
1552 108 1584 156 r
1639 97 1671 155 f

382 106 531 284 ’ἔξω
584 208 663 256 ue
688 184 870 258 mille
903 180 1108 256 ferme
1126 180 1332 282 pass'us
1355 185 1437 255 ab
1456 184 1643 257 hoste
1662 241 1679 269 ,
1718 183 2002 256 dietator
2020 182 2357 276 Tusculo}

391 309 521 356 con
595 286 614 352 l
639 287 938 357 Lanuvio
964 287 1349 381 propiorem
1372 287 1594 354 locum
1612 284 1829 357 castris
1849 308 2194 380 ceperunt.
2247 296 2353 358 lta

389 406 672 482 quatuor
706 386 1030 480 exercitus
1083 384 1364 455 totidem
1408 386 1812 455 munimenta
1833 430 1855 464 ,
1912 387 2251 483 planitiem
2280 389 2353 457 in

390 483 613 555 medio
632 509 766 553 non
786 484 996 579 parvis
1020 484 1225 554 modo
1239 482 1729 554 excursionibus
1746 485 1822 554 ad
1844 487 2087 580 praelia,
2110 482 2217 556 sed
2242 487 2355 557 vel

391 583 472 651 ad
491 582 907 677 explicandas
925 582 1253 681 utrimque
1274 583 1442 652 acies
1462 576 1500 649 s
1490 583 1610 651 atis
1638 602 1972 678 patentem
1989 584 2349 655 habebant.

373 666 514 750 'nec
533 705 611 751 ex
630 708 765 779 quo
783 679 1005 752 castris
1026 681 1228 755 castra
1248 684 1490 752 collata
1508 677 1674 763 sunt,
1698 679 1997 753 cessatum
2032 683 2069 752 εὶ
2092 685 2353 755 levibus

392 780 629 875 praeliis
654 780 786 851 est:
825 778 1014 853 facile
1036 784 1329 880 patiente
1343 781 1661 851 ditstatore
1683 823 1702 859 ‚
1741 778 2147 853 conferendo
2175 784 2355 855 vires

391 874 571 974 spem
595 877 903 952 universae
938 882 1225 952 vietotiae
1247 925 1267 959 ‚
1308 901 1565 951 tentato
1585 880 1917 977 paullatim
1941 904 2183 952 eventu
2204 907 2360 954 cer-

386 980 736 1064 taminum,
757 976 902 1049 suos
923 980 1296 1077 praecipere.
1340 981 1574 1076 ltaque
1600 976 1820 1049 hostes
1839 980 2015 1049 nulla
2031 981 2099 1050 in
2119 982 2358 1076 praelio

391 1076 568 1169 justo
594 1080 819 1151 relieta
859 1077 967 1174 spe
989 1123 1011 1159 ‚
1038 1080 1242 1148 nostu
1273 1078 1488 1147 adorti
1511 1076 1715 1149 castra
1750 1073 2069 1158 consuli5‚
2103 1103 2243 1149 rem
2280 1081 2361 1152 in

396 1173 612 1248 casum
647 1177 944 1273 ancipitis
992 1197 1268 1248 eventus
1308 1176 1752 1249 committunt.
1804 1178 2080 1247 Clamor
2128 1172 2357 1249 subito

396 1298 582 1348 ortus
605 1322 628 1357 ,
681 1301 815 1347 non
855 1272 1134 1346 consulis
1163 1277 1377 1348 modo
1407 1276 1640 1377 vigiles
1664 1332 1681 1359 ‚
1715 1275 2078 1347 exercitum
2110 1277 2365 1349 deinde‘

395 1399 692 1458 omnem,
716 1373 825 1447 sed
838 1375 1231 1447 dissatorem
1250 1401 1522 1476 quoque
1538 1402 1619 1447 ex
1646 1375 1875 1445 somno
1895 1375 2163 1446 excivit.
2214 1374 2366 1449 ubl
2455 1413 2459 1418 ·

396 1471 698 1570 praesenti
725 1499 855 1572 ope
879 1500 981 1546 res
1002 1476 1312 1575 egebant,
1332 1473 1554 1547 consul
1579 1499 1699 1546 nec
1716 1474 1935 1545 animo
1955 1471 2204 1550 deficit,
2228 1499 2359 1545 nec

393 1571 670 1643 consilio
691 1599 708 1642 ε
731 1599 877 1669 pars
889 1576 1173 1670 ⁴militum
1192 1596 1525 1671 portarum
1541 1572 1852 1645 stationes
1874 1571 2140 1643 firmant
2160 1603 2177 1642 ε
2204 1598 2358 1670 pars

396 1694 650 1742 corona
667 1674 910 1743 vallum
936 1675 1232 1773 cingunt.
1280 1680 1360 1745 In
1382 1674 1603 1744 alteris
1627 1673 1795 1771 apud
1812 1674 2203 1744 ἀίἂειῑοτεηι
2238 1698 2358 1741 ca-

399 1766 736 1868 stris,quo
762 1771 973 1842 minus
1012 1768 1330 1844 tumultus
1350 1771 1477 1852 est,
1504 1796 1588 1843 eo
1619 1775 1763 1870 plus
1811 1772 2356 1843 animadvertitur

400 1868 561 1965 quid
583 1894 744 1966 opus
768 1864 945 1940 fafito
967 1872 1059 1942 fit.
1117 1887 1146 1919 θ
1174 1869 1354 1942 miffo
1369 1873 1710 1968 extemplo
1733 1870 1809 1942 ad
1827 1869 2029 1942 castra
2048 1867 2357 1949 subflauo,

402 1968 511 2038 cui
554 1975 666 2064 Sp.
687 1968 1050 2041 Postumius
1074 1969 1279 2041 Albus
1313 1970 1567 2070 legatus
1586 1969 1973 2069 praeficitur,
2006 1966 2137 2066 ipse
2161 1991 2348 2066 parte

402 2066 741 2163 copiarum
776 2093 979 2166 parvo
1012 2069 1283 2140 circuitu
1308 2122 1330 2155 ,
1356 2062 1578 2141 locum
1620 2069 1901 2141 maxime
1923 2066 2242 2143 secretum
2265 2067 2352 2138 ab

406 2168 686 2238 tumultu
706 2168 872 2265 petit
893 2197 911 2238 ε
948 2168 1118 2241 unde
1136 2194 1214 2241 ex
1236 2195 1352 2242 nec
1367 2169 1642 2269 opinato
1661 2166 1953 2241 aversum
1978 2168 2233 2239 hostem
2252 2168 2364 2237 in-

405 2267 626 2337 vadat.
671 2270 1140 2364 QSulpicium
1180 2271 1468 2369 legatum
1507 2267 1779 2367 praeficit
1815 2267 2070 2340 castris:
2112 2272 2201 2341 Μ.
2230 2271 2360 2336 Fa·-

405 2360 522 2435 bio
540 2369 764 2467 legato
784 2366 1056 2466 affignat
1071 2369 1351 2466 equites.
1387 2393 1508 2443 nec
1527 2391 1679 2440 ante
1708 2371 1923 2440 lucem
1956 2388 2228 2438 movere
2248 2367 2363 2457 ju-

406 2463 522 2534 bet
543 2493 833 2546 manum,
853 2468 1024 2539 inter
1044 2470 1403 2540 nociturnos
1422 2470 1741 2540 tumultus
1763 2469 2107 2540 moderatu
2119 2464 2364 2537 diffici-

407 2564 569 2636 lem.
617 2565 1050 2666 Omnia,quae
1073 2570 1181 2639 vel
1203 2570 1364 2640 alius
1389 2569 1748 2665 imperator
1765 2569 2047 2664 prudens
2071 2576 2133 2641 δι
2157 2564 2356 2660 impi-

402 2682 524 2764 ger
538 2666 603 2734 in
626 2666 742 2736 tali
766 2691 834 2738 re
856 2668 1239 2764 praeciperet
1272 2686 1652 2767 ageretque,
1675 2668 1966 2763 praecipit
2002 2666 2233 2735 ordine
2257 2685 2360 2733 at-

406 2788 537 2861 que
554 2767 710 2863 agit.
748 2766 908 2836 illud
942 2767 1251 2836 eximium
1272 2765 1522 2837 consilii
1543 2766 1871 2861 animique
1889 2761 2250 2859 specimen,
2287 2771 2363 2836 δε

407 2864 787 2961 neutiquam
813 2866 1092 2963 vulgatae
1117 2865 1322 2935 laudis
1340 2908 1361 2941 ‚
1391 2864 1571 2961 quod
1593 2864 1767 2931 ultro
1805 2861 1883 2932 ad
1911 2862 2370 2957 oppugnanda.

406 2959 611 3031 castra
631 2960 939 3039 hostium,
959 2961 1129 3033 unde
1150 2965 1403 3057 majore
1420 2962 1676 3060 agmine
1698 2956 2034 3056 profe&os
2051 2981 2128 3027 ex
2139 2958 2375 3053 plora-

404 3081 548 3133 tum
565 3055 789 3141 fuerat,
804 3062 1280 3158 M.Geganium
1300 3086 1447 3131 cum
1467 3059 1851 3131 cohortibus
1871 3058 2141 3129 deleffis
2164 3056 2369 3130 misit.

406 3161 521 3260 qui
563 3156 909 3257 postquam
957 3160 1247 3231 intentos
1288 3159 1591 3231 homines
1638 3159 1702 3227 in
1735 3181 2044 3231 eventum
2083 3159 2361 3253 periculi

408 3259 636 3341 alieni,
673 3284 794 3356 pro
814 3256 876 3331 se
893 3259 1191 3332 incautos
1211 3259 1530 3358 negleffis
1572 3257 1806 3358 vigiliis
1842 3254 2360 3356 stationibusque

1607 3367 1613 3375 '
2265 3355 2372 3427 est

477 3508 506 3543 e
530 3496 711 3559 λίπ’-Πίσῃ
728 3496 945 3564 extemplo
963 3497 1023 3545 ad
1043 3497 1228 3561 castra]
1255 3496 1349 3543 Hic
1416 3493 1800 3558 adustusubfidr'o
1819 3530 1832 3551 .
1847 3498 1920 3545 cui
1933 3502 2011 3564 Sp.
2031 3498 2265 3557 Postumius
2278 3497 2370 3543 ,⁴1⁴

409 3576 591 3624 quoque
604 3563 810 3614 dissoluta
823 3569 919 3615 hiat
929 3561 1186 3619 oratio.sed
1198 3567 1349 3611 minus
1419 3566 1490 3610 bu·
1513 3565 1675 3629 legatus
1705 3565 1963 3632 proficitur,
1986 3566 2073 3632 ipse
2090 3579 2214 3633 parte
2224 3566 2371 3630 copia-‘⁵

409 3629 809 3684 animadvertendo
818 3648 968 3681 errore
983 3668 997 3684 .
1008 3635 1135 3689 cuius
1152 3631 1248 3681 Mss‘
1262 3647 1348 3679 nos
1412 3650 1527 3689 runo,
1542 3635 1638 3684 &cc

399 3691 684 3760 adtuonent,
706 3701 965 3754 referentem
1006 3701 1353 3769 Ma‘fflexunnplo
1398 3730 1406 3738 ·
2205 3762 2236 3813 f
2252 3766 2303 3815 c.

779 3798 782 3801 .
2282 3780 2353 3815 er-
