2593 4366
854 156 926 230 L
976 179 1006 228 t
1052 181 1096 228 u
1139 178 1188 230 Β
1241 176 1296 229 R
1393 151 1488 227 Χ.
1996 157 2000 161 ’
2052 158 2101 227 6

200 262 480 365 lausque
499 255 758 357 Appius
763 254 873 355 fibi
894 273 1184 346 acceptum
1201 251 1417 346 referre
1433 253 1686 328 diceret
1702 171 2071 347 delere,qu
2083 175 2164 330 Ze

200 387 362 441 muro
376 380 558 454 atque
567 360 779 453 elingui
797 353 1143 448 ‚faciendum
1158 356 1336 424 eriam
1350 351 1619 450 cmsulem
1633 352 1905 428 haberent
1918 381 1940 424 .·
1971 357 2169 447 priore

200 464 494 563 consulatu
506 461 714 552 primis
726 459 927 550 utique
941 452 1210 550 mensibus
1226 452 1433 546 hiscere
1448 477 1577 523 eum
1592 454 1854 548 nequisti,
1876 455 2166 553 matjam

193 567 493 660 populares
508 562 787 629 orationes
792 555 1002 652 serere:
1019 561 1223 651 Qam
1237 553 1708 651 mallem,inquit
1725 554 2167 642 Volumnius,

198 685 270 736 tu
287 657 326 734 ἃ
338 685 432 734 me
430 657 664 755 strenue
667 655 888 751 facere,
908 675 1083 745 quam
1097 676 1196 745 ego
1207 651 1280 719 ab
1292 649 1496 746 rescire
1511 654 1659 742 loqui
1679 652 2002 749 didiciffim.
2053 670 2169 728 Po-

183 761 399 861 stremo
408 759 787 831 conditionem
794 752 958 848 ferre
972 797 997 833 ,
1028 774 1145 843 qua
1165 752 1467 820 decretura
1463 749 1543 846 fit
1560 796 1582 830 ,
1615 772 1922 826 nonorator
1952 762 2170 851 (neque

202 867 358 933 enim
374 863 438 932 id
447 858 762 953 defiderare
779 851 1225 945 rempublicam)
1251 850 1357 946 sed
1376 853 1684 942 imperator
1710 871 1839 921 uter
1848 853 2167 948 firmetur.

205 965 509 1031 Etruriam
524 957 599 1033 όν
618 959 923 1028 Samnium
936 953 1253 1042 provincias
1270 950 1372 1046 effe
1388 977 1410 1020 .·
1445 968 1646 1025 turam
1661 952 1858 1021 maun
1869 1006 1888 1035 ,
1909 956 2165 1048 eligerer.

203 1057 314 1155 sao
334 1060 588 1130 exercitu
610 1054 676 1153 se
694 1057 787 1127 vel
804 1058 865 1123 in
898 1054 1137 1122 Etruria
1152 1096 1177 1132 ,
1212 1054 1307 1123 vel
1340 1053 1403 1119 in
1434 1053 1668 1127 Samnio
1702 1072 1826 1121 rem
1853 1050 2167 1144 gesturum.

202 1178 348 1231 tum
370 1159 651 1230 militum
671 1157 929 1226 clamor
949 1174 1163 1231 ortus,
1182 1171 1255 1223 ut
1270 1149 1453 1222 simul
1476 1150 1677 1222 ambo
1697 1147 1947 1224 bellum
1967 1153 2179 1226 Etru-

200 1256 380 1330 scum
421 1254 844 1351 susciperent.
888 1275 1026 1351 quo
1083 1247 1539 1324 animadverso
1594 1245 1913 1324 consensu
1947 1252 2178 1326 Volu-

199 1359 417 1432 mnius
433 1402 459 1438 ,
495 1356 789 1445 Qoniam
804 1355 867 1420 in
882 1352 1089 1441 collega
1106 1351 1396 1423 voluntate
1409 1350 1849 1443 interpretanda
1861 1406 1883 1434 ,
1923 1350 2174 1452 inquit,

197 1461 397 1533 errari
415 1487 439 1546 3
457 1476 563 1522 non
574 1455 938 1523 committam
954 1468 1022 1518 ur
1037 1442 1184 1541 quid
1195 1473 1286 1522 vos
1305 1452 1493 1522 velitis
1511 1496 1532 1533 ‚
1551 1449 1944 1547 obfturuonfit.
1967 1474 2176 1522 mane-
2194 1529 2201 1534 ,

195 1579 291 1637 re,
309 1579 388 1626 an
402 1553 560 1622 abire
579 1576 671 1622 me
687 1552 899 1634 velitis,
922 1551 1166 1619 clamore
1171 1549 1513 1646 fignificat.
1552 1556 1737 1623 Tum
1759 1575 1923 1624 vero
1942 1570 2170 1625 tantus
2188 1598 2197 1606 ,

195 1651 299 1728 est
339 1656 597 1726 clamor
628 1670 939 1730 exortus,
971 1669 1044 1719 ut
1080 1649 1303 1722 hostes
1324 1650 1360 1720 ὲ
1381 1649 1606 1726 castris
1634 1651 1928 1744 exciret:
1967 1653 2170 1725 armis

195 1752 560 1850 arreptisin
570 1752 781 1824 aciem
803 1748 1234 1824 descendunt.
1253 1758 1322 1825 δι
1345 1752 1744 1824 Volumnius
1769 1750 1950 1850 figna
1966 1777 2187 1826 cane·-r

192 1878 384 1935 re‚ac
407 1852 645 1925 vexilla
663 1848 885 1924 efferri
902 1855 939 1921 ἐ
963 1847 1188 1921 castris
1207 1847 1409 1945 juffit.
1431 1855 1496 1922 A
1549 1851 1729 1948 pium
1754 1847 2162 1928 addubitaffe

190 1948 412 2024 ferunt
433 2004 453 2034 ‚
477 1973 859 2024 cernentem
884 1995 906 2032 ,
941 1946 1050 2021 seu
1068 1971 1406 2051 pugnante
1426 2006 1447 2035 ‚
1512 1976 1593 2023 eu
1665 1951 1849 2026 uicto.
1860 1949 1928 2024 se
1949 1997 1973 2036 ,
2005 1949 2159 2027 fore

190 2055 474 2153 collegae
489 2052 834 2124 vistoriam
857 2078 877 2122 ε
912 2050 1147 2123 deinde
1171 2050 1457 2125 veritum
1478 2096 1502 2131 ‚
1525 1978 1750 2125 ”³⁰ae
1767 2077 2040 2153 quoque
2057 2055 2163 2130 le-

240 2153 426 2225 iones
447 2152 884 2226 Volumnium
905 2147 968 2225 se
1023 2173 1333 2224 ueremur
1365 2160 1433 2226 δε
1466 2149 1679 2249 ipsum
1701 2153 2155 2251 flagitantibus

190 2178 323 2325 {uis
344 2252 594 2352 signum
610 2248 877 2325 dediffe.
927 2257 989 2323 A
1060 2273 1291 2322 neutra
1304 2272 1492 2342 parte
1512 2248 1658 2322 satis
1677 2252 2035 2325 commode
2054 2253 2165 2324 in-

155 2412 166 2417 -
198 2351 428 2424 struffl
466 2348 751 2422 fuerunt.
786 2374 939 2420 nam
975 2359 1042 2423 &
1078 2349 1470 2422 Samnitium
1489 2350 1618 2420 dux
1636 2352 1901 2421 Gellius
1933 2352 2162 2447 Egna-

204 2452 334 2522 tius
371 2451 751 2547 pabulatum
789 2473 940 2519 cum
975 2445 1364 2519 cohortibus
1398 2449 1617 2544 paucis
1659 2449 1821 2522 ierat
1843 2474 1862 2519 t
1905 2444 2157 2549 suoque

202 2550 463 2646 impetu
488 2548 698 2646 magis
716 2546 960 2618 milites
974 2571 1175 2645 quam
1193 2542 1577 2644 cujusquam
1597 2548 1795 2619 dustu
1817 2569 1928 2618 aut
1939 2548 2160 2647 impe-

201 2648 390 2748 perio
429 2662 717 2746 pugnam
750 2641 1187 2742 capessebant.
1222 2655 1290 2722 &
1332 2648 1630 2722 Romani
1665 2649 1991 2718 exercitus
2032 2674 2160 2722 nec

255 2748 453 2819 ariter
473 2746 676 2817 ambo
693 2745 875 2820 ducti
893 2796 915 2830 ,
939 2769 1061 2818 nec
1083 2743 1231 2817 satis
1255 2747 1581 2844 temporis
1604 2746 1683 2818 ad
1701 2745 2157 2821 instruendum

200 2774 353 2925 {uin
403 2846 589 2922 Prius
611 2846 945 2919 concurrit
961 2847 1369 2922 Volumnius
1392 2897 1410 2926 ,
1433 2873 1631 2946 quarn
1654 2848 1908 2944 Appius
1930 2849 2010 2921 ad
2027 2848 2179 2920 ho-t

198 2946 367 3023 stem
386 2948 782 3045 per-veniret.
804 2946 1030 3047 itaque
1063 2939 1286 3019 fronte
1307 2948 1611 3044 inaequali
1630 2942 2018 3020 concursum
2033 2948 2165 3027 est:

203 3058 272 3123 &
298 3063 351 3098 ¹¹¹
377 3050 557 3120 velut
577 3044 753 3120 sorte
784 3049 1067 3146 quadam
1103 3067 1397 3119 mutante
1432 3045 1709 3119 assuetos
1737 3047 1912 3142 inter·
1936 3045 2001 3119 se
2033 3047 2166 3118 ho·-

211 3146 343 3219 stes
360 3190 384 3224 ‚
419 3143 674 3219 Etrusci
689 3148 1065 3222 Volumnio
1082 3200 1100 3229 ,
1123 3150 1449 3221 Samnites
1482 3170 1832 3247 parumper
1850 3146 2166 3229 cunctati.

212 3244 365 3344 quia
386 3243 509 3314 dux
531 3248 754 3325 aberat
773 3299 792 3327 ‚
831 3248 1057 3346 Appio
1078 3271 1449 3320 occurrere.
1502 3248 1771 3320 Dicitur
1804 3248 2060 3346 Appius
2090 3247 2162 3319 in

208 3342 435 3418 medio
455 3369 687 3440 pugnae
704 3344 1071 3420 discrimine
1092 3393 1117 3427 ,
1133 3347 1226 3417 ita
1240 3370 1312 3419 ut
1331 3347 1507 3421 inter
1522 3350 1730 3447 prima
1750 3343 1929 3448 signa
1948 3347 2164 3420 mani-

211 3444 332 3517 bus
351 3442 434 3516 ad
453 3446 699 3516 coelum
719 3443 981 3520 sublatis
1014 3445 1506 3546 conspiceretur
1529 3494 1551 3531 ,
1579 3449 1670 3520 ita
1685 3468 1987 3547 precatus
2002 3445 2159 3534 effe,

1926 3550 2165 3637 Bellona,

195 3722 316 3773 lium
331 3721 411 3770 cub
423 3723 618 3771 nomine
632 3725 826 3772 Catonis
841 3743 851 3771 :
881 3732 1033 3778 contra
1047 3694 1144 3778 *oer-
1276 3741 1328 3774 m
1345 3728 1474 3779 Velut
1482 3724 1595 3786 som
1608 3726 1798 3795 quadam
1816 3726 2055 3781 manu-J
2073 3727 2159 3772 Lo-

194 3790 308 3857 hosis
321 3794 666 3851 muconrendm
679 3793 840 3843 verbis.
1129 3826 1136 3833 f
1207 3791 1404 3859 gendum
1417 3795 1587 3844 censeo
1596 3828 1608 3852 ,
1608 3797 1751 3860 forre,
1780 3830 1789 3835 .
1954 3864 1990 3905 n
2014 3828 2169 3909 Em:
