2593 4366
775 120 846 195 1,
898 140 928 194 ι
978 145 1019 194 1³
1067 143 1110 197 ε
1157 141 1212 197 R
1306 117 1562 196 v111.
2008 130 2171 206 621.

161 252 326 335 pter
355 249 484 304 ‚eos
516 219 790 305 addita,
832 222 1153 298 Maecia&
1174 222 1473 320 Scaptia:
1515 213 1823 296 censores
1860 222 2137 297 addide-
2160 303 2177 310 Α,

163 352 353 410 runt,
371 319 813 423 QPublilius
834 322 1063 405 Phile,
1079 328 1187 419 Sp.
1209 320 1610 395 Postumius.
1661 323 1957 396 Romani
1972 317 2132 398 faeti

166 427 506 505 Acerrani
542 425 692 523 lege
729 420 814 494 ab
849 428 931 494 L.
952 421 1216 518 Papirio
1233 423 1694 517 praetorelata,
1736 449 1865 522 qua
1897 422 2131 520 civitas

164 531 305 603 sine
327 523 637 633 suffragio
652 523 827 593 data.
872 520 1008 593 haec
1027 546 1113 592 eo
1132 545 1304 594 anno
1324 519 1506 592 domi
1529 521 1910 622 militiaeque
1926 523 2132 623 gesta.
2156 604 2172 618 Α

166 629 420 706 Foedus
441 626 792 720 inlequens
819 645 1021 692 annus
1042 663 1065 700 ‚
1107 617 1214 690 seu
1233 619 1622 716 intemperie
1642 623 1798 694 coeli
1817 669 1840 704 ‚
1876 619 1988 706 seu
2006 623 2223 696 hu-'18'

167 752 366 804 mana
407 720 633 794 fraude
667 715 787 795 fuit
806 765 828 798 ,
868 725 966 795 Μ.
1008 719 1294 790 Claudio
1328 721 1655 792 Marcello
1676 777 1695 803 ,
1733 724 1819 794 C.
1849 717 2133 795 Valerio

167 822 572 900 consulibus.
625 822 933 892 Flaccum
968 819 1443 916 Potitumque,
1476 820 1652 889 varie
1682 822 1749 889 in
1786 823 2129 916 annalibus

172 946 553 1023 cognomen
578 916 861 991 consulis
883 918 1186 998 invenio:
1230 938 1543 990 caeterum
1565 918 1631 988 in
1653 942 1780 998 eo,
1818 923 1998 1017 parvi
2023 927 2133 1020 re-‘7

183 1020 320 1095 fert
337 1079 357 1106 ,
384 1022 535 1120 quid
557 1019 694 1093 veri
718 1018 794 1090 fit
815 1018 1016 1090 :illud
1040 1017 1362 1115 pervelim
1392 1032 1553 1106 (nec
1575 1043 1810 1089 omnes
1827 1020 2131 1110 anantes·

174 1119 352 1211 sunt)
374 1121 705 1219 proditum
725 1114 890 1188 falso
912 1113 1040 1188 effe
1060 1172 1080 1201 ‚
1104 1118 1375 1188 venenis
1400 1114 1786 1214 absumptos
1806 1162 1829 1199 ‚
1848 1125 2133 1217 quorum

168 1237 357 1294 mors
378 1217 690 1292 infamem
712 1243 951 1294 annum
977 1216 1345 1313 pestilentia
1367 1212 1622 1288 fecerit.
1648 1217 1805 1294 ficut
1829 1218 2136 1315 proditur

166 1343 394 1392 tamen
411 1345 515 1390 res
534 1364 557 1401 ‚
597 1344 679 1391 ne
699 1318 802 1390 cui
823 1317 1164 1396 auetorum
1186 1315 1387 1390 fidem
1405 1315 1866 1417 abrogaverim
1886 1362 1909 1397 ‚
1926 1341 2141 1413 expo·
2222 1395 2225 1400 s

168 1419 394 1493 nenda
414 1417 535 1490 est.
590 1422 834 1517 Qum
857 1415 1180 1513 primores
1205 1416 1488 1487 civitatis
1513 1415 1829 1487 fimilibus
1852 1416 2135 1499 morbis,

170 1515 553 1616 eodemque
591 1514 801 1590 ferme
836 1538 1069 1585 omnes
1102 1536 1349 1596 eventu
1379 1536 1796 1586 morerentur
1825 1544 1848 1602 ;
1904 1516 2137 1588 ancilla

167 1617 475 1716 quaedam
510 1616 590 1687 ad
625 1623 657 1663 ⁴
698 1613 1087 1705 QFabium
1125 1614 1494 1689 Maximum
1517 1614 1773 1687 aedilem
1811 1617 2137 1698 curulem,

167 1716 608 1789 indicaturam
625 1710 696 1784 se
713 1708 989 1784 caussam
1011 1711 1289 1810 publicae
1310 1709 1503 1810 pestis
1525 1709 1799 1812 professa
1817 1712 1911 1786 est
1934 1744 1958 1801 ⁰,
1980 1714 2024 1786 fi
2049 1715 2135 1786 ab

165 1840 254 1886 eo
275 1813 445 1886 fides
490 1811 605 1884 fibi
626 1813 774 1885 data
803 1808 960 1883 effet
978 1869 997 1895 ,
1034 1811 1204 1882 haud
1244 1808 1533 1884 futurum
1574 1838 1765 1886 noxae
1793 1813 2137 1904 indicium,

166 1913 406 1985 Fabius
431 1909 775 1984 confestim
800 1938 936 1988 rem
961 1912 1040 1984 ad
1065 1906 1396 1992 consules,
1416 1907 1717 1994 consules
1738 1913 1814 1984 ad
1836 1909 2133 1988 senatum

169 2008 512 2085 referuntz
550 2007 998 2112 consensuque
1026 2011 1275 2083 ordinis
1300 2008 1465 2083 fides
1499 2011 1893 2085 indicidata.
1937 2016 2126 2088 Tum

169 2109 578 2210 patefaflum
597 2157 620 2195 ‚
656 2111 965 2185 muliebri
987 2107 1208 2182 fraude
1227 2111 1565 2185 civitatem
1587 2113 1796 2210 premi
1814 2139 1838 2183 ι
1873 2133 2131 2186 matro-

168 2208 414 2310 nasque
440 2238 519 2284 ea
539 2238 788 2285 venena
807 2236 1138 2309 coquere;
1170 2219 1235 2286 δι
1254 2211 1303 2283 si
1320 2207 1502 2310 sequi
1520 2212 1866 2310 extemplo
1888 2213 2125 2295 velint,

165 2307 514 2383 manifesto
532 2310 939 2408 deprehendi
958 2305 1158 2407 poffe.
1179 2310 1724 2389 Secutiindicem,
1741 2320 1806 2384 &
1828 2334 2133 2407 coquen-

165 2431 270 2481 tes
295 2408 603 2509 quasdam
623 2428 646 2467 5
664 2407 1146 2483 medicamenta
1165 2450 1187 2485 ,
1229 2417 1294 2481 &
1322 2410 1663 2478 recondita
1680 2410 1827 2486 alia,
1848 2407 2129 2481 invene-

167 2508 596 2606 runt-quibus
614 2507 680 2576 in
699 2502 918 2576 forum
948 2490 1211 2583 delatis,
1232 2512 1298 2579 &
1325 2506 1560 2603 viginti
1582 2505 1904 2575 matronis
1945 2507 2121 2604 apud

153 2634 324 2708 quas
347 2601 746 2704 deprehensa
762 2626 974 2684 erant,
996 2628 1110 2701 per
1125 2603 1447 2673 viatorem
1466 2602 1716 2682 accitis,
1733 2602 1877 2676 duae
1898 2630 1979 2675 ex
1999 2604 2123 2691 eis,

165 2707 490 2781 Cornelia
509 2730 578 2779 ac
601 2704 828 2803 Sergia
848 2746 869 2783 ,
910 2701 1196 2799 patriciae
1219 2722 1496 2801 utraque
1513 2702 1731 2802 gentis
1756 2747 1779 2783 ‚
1813 2729 2013 2801 quum
2042 2730 2122 2777 ea

163 2807 645 2878 medicamenta
667 2800 942 2874 salubria
954 2797 1077 2875 effe
1098 2801 1607 2884 contenderent,
1630 2801 1713 2872 ab
1731 2799 2119 2880 confutante

162 2907 380 2979 indice
400 2950 420 2984 ,
458 2904 685 2975 bibere
704 2898 876 2994 juffae
903 2947 926 2982 ‚
967 2924 1038 2974 ut
1058 2898 1122 2973 se
1145 2896 1375 2972 falsum
1394 2924 1843 2973 commentam
1884 2926 2119 3002 argue-

163 3029 338 3091 rent;
358 3002 576 3102 spacio
594 3002 672 3075 ad
693 3001 1215 3098 colloquendum
1239 2997 1501 3099 sumpto
1520 3047 1540 3081 ,
1555 3027 1756 3100 quum
1781 2998 2116 3073 summoto

165 3108 420 3199 populo
450 3107 517 3175 in
546 3098 901 3199 conspeRu
938 3101 1236 3172 omnium
1268 3126 1409 3171 rem
1450 3101 1529 3172 ad
1568 3121 1835 3198 caeteras
1868 3098 2125 3172 retulis-

170 3199 354 3271 sent:
391 3202 557 3273 haud
580 3199 1015 3273 abnuentibus
1042 3210 1104 3274 δι
1131 3200 1260 3270 illis
1284 3199 1512 3272 bibere
1535 3245 1556 3277 ‚
1595 3222 1799 3295 epoto
1825 3199 2120 3272 medica-

168 3321 424 3389 mentO,
444 3299 687 3373 suamet
706 3297 854 3396 ipsae
877 3296 1103 3372 fraude
1125 3323 1358 3370 omnes
1379 3299 1789 3371 interierunt.
1809 3325 2119 3397 compre·

1901 3397 2116 3473 hensae

162 3544 436 3612 quuid
445 3551 571 3599 enlm
582 3548 646 3600 est
659 3548 903 3613 exstendm
915 3544 946 3596 a*
959 3550 1110 3613 pasto?
1177 3546 1226 3592 ln
1237 3544 1421 3594 censura
1435 3540 1482 3591 id
1495 3558 1756 3607 cognomen
1768 3544 1957 3592 invenit.
1965 3547 2118 3613 Sigon.

167 3620 310 3680 legs».
323 3622 379 3667 ad
392 3619 583 3680 Pastum.
611 3621 723 3667 Tan.
743 3618 889 3666 Faber.
1241 3630 1262 3674 5
1299 3614 1631 3662 medicamenta
1645 3614 1700 3660 ό·
1714 3614 1945 3661 recondita.
1960 3623 1980 3673 J
1997 3617 2127 3677 Lego·

214 3700 245 3745 4
261 3686 523 3754 Qfaebium
535 3690 789 3735 Maximum
801 3679 1106 3745 adilem.]Ad-
1177 3684 1446 3730 condiuntu-
1487 3677 1597 3743 quid
1621 3682 1747 3733 enirn
1772 3680 1835 3730 est
1858 3696 2025 3751 coquere
2049 3697 2120 3729 η.

157 3751 253 3805 huc
262 3756 494 3804 Maximus
507 3767 603 3803 non
614 3751 855 3825 dicebatur.
874 3758 996 3802 Nam
1006 3751 1106 3817 post
1180 3752 1353 3800 condita
1367 3758 1390 3800 ,θ
1411 3751 1509 3797 Tan
1518 3746 1689 3817 rfabcr.
2122 3750 2127 3774 ³

1999 3822 2033 3865 6
2063 3821 2129 3869 In
