2593 4366
296 206 305 214 .
786 135 855 206 1.
901 155 938 205 ι
984 151 1039 206 ι
1086 147 1152 199 'a
1199 121 1259 193 ί
1349 111 1496 229 IX·
1716 205 1735 226 ‚
1991 118 2140 226 735

166 213 699 299 ἀἂοε-Λιυὶνειΐι
753 251 909 322 rope
972 248 1116 298 ens
1144 272 1170 302 ,
1204 215 1342 285 fine
1359 209 1876 287 drffimulauone
1889 209 2144 286 consilii

184 316 476 418 publici,
509 316 588 386 ad
606 250 820 389 bolgez
836 326 914 395 <le
944 327 1256 394 cives-ata
1292 323 1358 387 δι
1376 310 1881 415 Ροίὶςιιιωίἃο
1896 311 2146 386 Romae

190 443 345 490 eum
361 414 756 488 Samnitibus
769 412 1019 489 foedere
1042 459 1070 495 ‚
1096 408 1368 484 feciales
1391 431 1710 487 venerant
1728 454 1754 491 ,
1769 434 1873 481 res
1895 435 1963 484 re
2086 412 2103 426 ‘

191 538 362 598 tum,
381 514 755 584 tentationem
773 564 793 592 ,
815 513 1103 589 aiebant,
1114 508 1218 603 effe
1229 561 1250 589 ‚
1268 529 1335 579 at
1349 530 1560 584 terrore
1578 509 1773 610 incuffi
1790 508 1915 582 beni
1936 523 2148 583 Roma·
2241 551 2250 564 ·

188 612 358 709 nosse
368 611 505 708 fieri
521 627 876 703 pateremur.
893 608 1040 698 quod
1056 624 1397 700 quantopere
1408 607 1868 704 optandamforet
1881 664 1906 696 ,
1925 615 2150 682 Herni-

194 737 288 785 cos
321 710 586 808 docuiffe:
625 730 799 800 quum
818 706 1011 798 quibus
1026 706 1256 773 licuerit
1273 753 1295 787 ,
1315 704 1444 800 sm
1458 709 1608 800 leges
1630 723 1881 793 Romam
1910 710 2153 784 civitati

183 811 623 908 praeoptaverint
638 833 659 877 .·
674 805 866 899 quibat
880 802 1106 898 legendi
1119 802 1259 893 quia
1275 805 1527 889 mallent,
1544 811 1705 898 copia
1719 808 2035 902 mnfuerit,
2046 828 2160 906 pro

193 930 360 1005 poena
374 908 738 1006 neceffariam
750 908 1056 978 civitatem
1056 898 1217 996 fore.
1258 901 1535 974 Obhaec
1554 948 1577 983 ‚
1607 909 1813 1005 vulgo
1832 913 1901 981 in
1919 912 2156 984 conci..

198 1010 304 1082 liis
321 1011 586 1103 jastata,
609 1006 891 1106 populus
915 1006 1260 1077 Romanus
1281 1001 1533 1074 bellurn
1551 1000 1697 1074 fieri
1716 1008 1931 1104 AEquis
1948 1009 2156 1100 juffitn

201 1105 639 1208 consulesque
659 1104 861 1178 ambo
879 1104 961 1176 ad
981 1127 1229 1175 novum
1252 1096 1540 1200 profeffi
1553 1100 1798 1178 bellurn
1815 1148 1839 1186 ,
1870 1125 2159 1205 quatuor

197 1209 499 1284 millibus
559 1208 597 1279 a
643 1205 865 1279 castris
918 1202 1205 1275 hostium
1259 1197 1724 1275 consederunt.
1800 1208 2156 1305 AEquorum

206 1310 544 1383 exercitus
567 1308 676 1403 (ut
692 1305 809 1405 qui
826 1301 941 1377 suo
957 1304 1227 1376 nornine
1242 1302 1613 1402 permultos
1633 1325 1837 1373 annos
1849 1304 2158 1378 imbelles

204 1404 542 1509 egiffent)
566 1403 996 1478 tumultuario
1017 1400 1239 1475 fimilis
1259 1400 1436 1484 ‚fine
1460 1401 1741 1474 ducibus
1762 1403 1956 1473 certis
1976 1449 2001 1484 ,
2030 1404 2164 1477 sune

88 1555 91 1558 π
202 1508 500 1606 irnperio
516 1529 617 1576 tre
667 1504 871 1577 idare.
905 1502 1019 1575 alii
1043 1502 1417 1577 exeundum
1440 1502 1507 1573 in
1530 1503 1736 1576 aciem
1754 1545 1780 1582 ‚
1815 1501 1922 1572 alii
1958 1500 2166 1575 castra

203 1607 459 1678 tuenda
488 1530 751 1678 cenant
774 1632 792 1676 ε
833 1624 1062 1677 movet
1077 1598 1426 1702 plerosque
1446 1601 1721 1675 vastatio
1738 1595 1952 1673 futura
1969 1626 2170 1701 agro-

202 1731 356 1778 rum
377 1749 400 1786 ‚
434 1729 508 1777 ac
529 1703 840 1803 deinceps
859 1729 1011 1777 cum
1031 1703 1286 1775 levibus
1302 1698 1608 1801 praesidiis
1627 1701 1886 1774 urbium
1903 1703 2172 1773 relifia-

204 1830 357 1878 rum
376 1803 657 1876 excidia.
706 1809 942 1902 Itaque
969 1801 1316 1904 postquam
1351 1802 1520 1875 inter
1552 1802 1793 1875 multas
1811 1797 2172 1873 sententian

205 1930 362 1988 una,
387 1930 533 2003 quae
553 1900 773 1976 omiffa
788 1928 940 1976 cura
962 1902 1413 1975 communium
1433 1900 1513 1973 ad
1526 1898 1894 2000 respessum
1915 1895 2173 1972 suarum

203 2027 550 2103 quemque
570 2027 786 2075 rerum
804 1999 1364 2087 vertiffet,audita;
1384 2023 1456 2074 ut
1466 2003 1679 2100 prima
1692 2000 1914 2100 vigilia
1933 1997 2176 2073 diversi

208 2105 248 2176 ὲ
273 2103 499 2176 castris
530 2102 610 2175 ad
628 2100 1039 2202 deportanda
1071 2101 1298 2174 omnia
1326 2103 1702 2204 tuendaque
1728 2099 2064 2173 rnoenibus
2103 2101 2179 2174 in

206 2204 416 2277 urbes
435 2202 714 2292 abirent3
733 2204 952 2276 cunffl
966 2227 1109 2274 eam
1132 2197 1518 2274 sententiam
1535 2202 1791 2301 ingenti
1811 2195 2054 2273 assensu
2067 2224 2181 2273 ac·

215 2327 494 2400 cepere.
542 2303 784 2377 Palatis
807 2301 1105 2397 hostibus
1127 2324 1245 2397 per
1266 2324 1463 2399 agros
1482 2346 1504 2383 ,
1524 2305 1735 2399 prima
1754 2302 1900 2375 luce
1919 2301 2180 2374 Roma-

212 2405 286 2475 ni
308 2400 508 2501 {ignis
532 2400 810 2498 prolatis
829 2401 897 2471 in
917 2400 1053 2471 acie
1072 2396 1432 2470 consistunt
1453 2425 1473 2470 ι
1496 2410 1565 2475 δι
1587 2399 1700 2471 ubi
1719 2424 1915 2472 nemo
1930 2398 2170 2471 obvius

213 2502 387 2582 ibat,
413 2501 612 2597 pleno
630 2500 835 2598 gradu
854 2499 935 2570 ad
955 2495 1160 2568 castra
1180 2495 1467 2571 hostium
1485 2499 1789 2572 tendunt.
1806 2502 2172 2581 Caeterunn
2198 2520 2205 2527 ·

207 2601 569 2700 postquam
585 2598 678 2669 ibi
693 2622 907 2697 neque
924 2595 1234 2669 stationes
1222 2604 1375 2766 (pro
1393 2597 1754 2696 portis‚nec
1770 2621 2176 2700 quemquam

210 2703 286 2774 in
311 2699 493 2771 vallo
516 2752 536 2781 ,
573 2721 694 2769 nec
729 2693 1066 2768 fremitum
1090 2721 1220 2768 con
1251 2719 1475 2769 netum
1493 2696 1852 2770 castrorum
1872 2697 2172 2770 animad-

214 2820 592 2883 verterunt3
610 2794 879 2868 insolito
898 2794 1154 2867 filentio
1172 2796 1364 2879 moti,
1382 2819 1565 2868 metu
1578 2796 1947 2869 insidiarum
1967 2794 2174 2868 subfi-

216 2899 428 2971 stunt.
449 2892 825 2997 transgreffi
866 2896 1106 2968 deinde
1143 2896 1385 2967 vallum
1403 2940 1424 2975 ‚
1453 2921 1659 2995 quum
1675 2891 1928 2969 deserta
1943 2895 2170 2967 omnia

216 2992 614 3071 invenissent
631 3046 654 3081 ‚
688 3016 974 3097 pergunt
1008 2991 1264 3067 hostem
1288 2994 1576 3095 vestigiis
1598 2992 1813 3095 sequi:
1847 2993 1954 3067 sed
1979 2993 2173 3067 vesti-

217 3099 335 3196 gia
354 3098 422 3167 in
435 3120 667 3168 omnes
683 3120 868 3197 aeque
887 3091 1162 3167 ferentia
1181 3114 1397 3192 partes
1421 3139 1443 3176 ,
1469 3119 1538 3165 ut
1554 3096 1622 3165 in
1636 3093 1893 3192 dilapfis
1914 3090 2171 3193 paffim.

217 3194 444 3295 primo
455 3188 749 3266 er'rorern
767 3191 1129 3284 faciebant·,
1159 3190 1308 3292 post
1327 3250 1349 3279 ‚
1372 3219 1489 3292 per
1498 3196 1960 3291 exploratores
1975 3218 2170 3266 com-

220 3294 434 3392 pertis
455 3292 737 3366 hostiurn
775 3294 1060 3367 consiliis
1080 3338 1105 3373 ‚
1144 3293 1227 3365 ad
1267 3292 1548 3395 singulas
1582 3294 1776 3366 urbes
1812 3287 2169 3368 circumfe-

222 3393 445 3466 rendo
477 3391 701 3485 bello,
744 3418 942 3465 unum
971 3404 1032 3470 δι
1077 3394 1509 3495 quadraginta
1550 3396 1796 3493 oppida
1826 3396 1997 3468 intra
2025 3392 2172 3466 dies

220 3490 706 3589 quinquaginta
738 3494 962 3563 omnia
994 3494 1447 3594 oppugnando
1487 3502 1804 3592 ceperunt
1832 3523 1852 3566 ε
1884 3518 2171 3597 quorum

222 3592 549 3691 pleraque
569 3589 784 3661 diruta
801 3635 824 3672 ,
859 3612 1055 3690 atque
1075 3590 1337 3665 incensa
1357 3639 1379 3673 ‚
1419 3602 1800 3693 nomenque
1818 3599 2175 3693 AEquorum

221 3715 447 3793 prope
466 3689 548 3763 ad
564 3689 1089 3764 internecionem
1103 3690 1425 3771 deletum.
1443 3694 1560 3771 De
1576 3692 1799 3793 AEquis
1815 3693 2184 3790 triumpha-

2017 3813 2189 3877 tum,
