2593 4366
309 117 447 185 612
479 108 486 116 ’
1001 110 1095 184 Τ.
1194 113 1256 183 L
1306 129 1337 180 1
1387 133 1432 181 v
1483 127 1514 180 1
1570 133 1602 180 x

315 212 382 283 in
403 235 632 313 agrum
655 206 1059 291 Ostiensem,
1077 211 1440 302 Ardeatem
1456 253 1479 290 ‚
1501 203 1844 282 Solonium
1865 203 2277 296 incursiones

321 308 648 383 fecerunt.
699 313 985 384 Manlius
1008 305 1261 388 consul,
1285 309 1436 408 quia
1455 304 1588 404 ipse
1610 310 2194 405 pervaletudinem
2214 311 2291 382 id

322 411 573 482 bellum
613 406 879 508 exsequi
932 409 1276 507 nequierat
1313 458 1336 489 ,
1393 409 1788 479 diCtatorem
1821 413 1900 480 L.
1943 409 2294 506 Papirium

319 506 658 591 Crass'um,
680 512 790 608 qui
813 532 953 579 tum
976 505 1149 580 forte
1170 529 1311 579 erat
1333 529 1574 604 praetor
1599 556 1616 584 .
1637 507 1836 579 dixit:
1861 508 1943 578 ab
1959 535 2046 581 eo
2070 509 2294 608 magi·

322 608 455 682 ster
486 609 783 707 equitum
810 608 1201 704 L.Papirius
1225 603 1476 680 Cursor
1505 606 1743 677 diffus.
1798 608 1989 680 Nihil
2020 634 2297 680 memo-

319 709 527 780 rabile
550 703 851 778 adversus
877 710 1180 779 Antiates
1203 706 1285 776 ab
1302 708 1627 776 dietatore
1649 704 1903 804 gestum
1920 708 2013 780 est
2031 752 2054 789 ‚
2073 725 2287 806 quum

318 809 572 906 aliquot
588 802 844 878 menses
889 806 1116 879 stativa
1134 808 1201 877 in
1220 831 1382 905 agro
1403 805 1657 875 Antiati
1681 802 2018 876 habuifl‘et.
2071 817 2287 878 Anno

315 906 548 1006 insigni
570 906 937 976 vietoriade
959 927 1064 978 tot
1079 933 1149 978 ac
1169 929 1304 977 tam
1329 904 1711 1002 potentibus
1729 907 2017 1002 populis,
2041 906 2120 979 ad
2144 906 2286 992 hoe
2327 979 2333 983 ,

319 1002 661 1078 consulum
682 1006 947 1077 alterius
972 1007 1182 1077 nobili
1200 1027 1418 1076 morte
1443 1051 1463 1093 ,
1483 1004 1747 1074 alterius
1765 1002 1922 1076 sicut
1945 1006 2156 1092 truci,
2185 1005 2287 1077 ita

318 1108 500 1177 claro
527 1105 604 1176 ad
630 1105 1017 1176 memoriam
1038 1151 1059 1185 ,
1101 1105 1381 1202 imperio
1402 1153 1424 1186 ‚
1460 1098 1809 1175 succeffere
1835 1102 2133 1178 consules
2158 1105 2286 1178 Ti.

321 1205 612 1282 AEmilius
634 1204 1076 1278 Mamercinus
1102 1254 1123 1286 ,
1159 1215 1225 1279 &
1246 1201 1678 1298 QPublilius
1696 1202 1931 1278 Philo:
1968 1228 2184 1302 neque
2202 1204 2283 1276 in

321 1304 600 1377 similem
625 1305 961 1374 materiam
983 1328 1197 1375 rerum
1221 1354 1242 1385 ,
1264 1300 1467 1399 &ipsi
1491 1324 1598 1372 aut
1614 1301 1863 1380 suarum
1884 1328 2103 1375 rerum
2124 1359 2147 1388 ‚
2167 1321 2284 1375 aut

320 1403 603 1502 partium
627 1403 696 1473 in
716 1403 1051 1502 republica
1072 1429 1175 1473 ma
1228 1404 1279 1472 is
1301 1427 1498 1500 quam
1523 1402 1746 1498 patriae
1765 1407 2283 1475 memores..La-

321 1503 501 1577 tinos
520 1503 613 1573 ob
637 1505 794 1574 iram
830 1502 966 1602 agri
1005 1429 1224 1575 amiss}
1251 1502 1649 1576 rebellantes
1686 1502 1752 1571 in
1793 1501 2042 1598 campis
2066 1504 2281 1574 Fene·

321 1604 527 1675 &anis
553 1599 885 1679 fuderunt.
907 1599 1255 1701 castrisque
1270 1621 1602 1673 exuerunt.
1625 1601 1728 1681 lbi
1753 1600 2067 1680 Publilio,
2091 1603 2279 1694 cujus

322 1701 522 1775 ἀυᾶιι
546 1695 964 1798 auspicioque
990 1726 1090 1774 res
1108 1701 1303 1802 gestae
1325 1722 1511 1788 erant
1533 1749 1551 1775 .
1589 1700 1655 1769 in
1673 1699 2078 1771 deditionem
2105 1700 2280 1791 acci-3

323 1801 550 1897 piente
571 1800 845 1871 Latinos
865 1803 1178 1900 populos.
1199 1825 1483 1899 quorum
1499 1798 1591 1868 ibi
1609 1801 1913 1893 juventus
1934 1795 2091 1871 caesa
2109 1818 2278 1885 erat3

326 1900 614 1974 AEmilius
637 1898 717 1969 ad
745 1901 988 1972 Pedum
1016 1906 1382 1972 exercitum
1416 1897 1620 1968 duxit.
1676 1899 1976 1972 Pedanos
2001 1899 2276 1984 tueban-

324 2017 432 2069 tur
450 1996 728 2075 Tiburs,
743 1997 1202 2079 Praenestinus,
1221 1993 1732 2096 Veliternusque
1752 1999 2052 2095 populus:
2074 2020 2274 2068 vene-

326 2117 474 2167 rant
496 2105 561 2172 &
581 2096 664 2167 ab
688 2097 971 2167 Lavinio
992 2097 1332 2199 Antioque
1356 2095 1612 2168 auxilia.
1659 2097 1794 2173 ubi
1809 2124 2011 2198 quum
2029 2093 2271 2196 praeliis

326 2196 598 2296 quidem
630 2193 919 2291 superior
955 2198 1303 2284 Romanus
1335 2192 1495 2268 ess‘et
1512 2241 1545 2282 „
1574 2196 1654 2269 ad
1676 2196 1907 2270 urbem
1930 2195 2130 2295 ipsam
2145 2203 2279 2291 Pef·

281 2324 284 2327 ’
326 2298 511 2377 dum,
524 2292 860 2395 castraque
877 2293 1201 2372 sociorum
1223 2298 1792 2397 populorum‚quae
1815 2297 1958 2368 urbi
1973 2298 2073 2391 adj
2084 2296 2281 2368 ιιηᾶα

329 2417 518 2467 erant
536 2442 556 2474 ‚
590 2397 852 2495 integer
892 2397 1084 2469 labor
1117 2397 1386 2471 restaret
1419 2425 1441 2483 ·,
1471 2394 1677 2468 ‘bello
1711 2393 1961 2469 inseeto
2002 2417 2279 2494 repente
2343 2447 2356 2459 .

334 2492 590 2575 omisso,
619 2492 844 2567 consul
866 2542 889 2577 ‚
914 2498 1065 2596 quia
1084 2499 1360 2596 collega:
1382 2497 1722 2567 decretum
1741 2497 1936 2567 trium
1985 2496 2143 2566 hum
2164 2520 2283 2581 aug-

333 2594 499 2665 divit
519 2650 538 2676 ‚
574 2590 708 2692 ipse
732 2622 999 2693 quoque
1025 2598 1341 2693 triumphi
1383 2617 1535 2666 ante
1572 2596 1913 2667 vietoriam
1988 2596 2277 2694 agitator
2332 2632 2335 2637 ⁸

328 2695 620 2766 Romam
643 2696 855 2767 rediit.
907 2700 1064 2790 Qa
1098 2698 1458 2795 cupiditate
1492 2692 1756 2767 offenfis
1792 2693 2091 2770 Patribus
2112 2739 2136 2774 ‚
2165 2717 2284 2765 ne·

313 2788 768 2891 *gantibusque
785 2849 803 2876 ,
841 2793 963 2865 nist
980 2797 1165 2869 Pedo
1185 2817 1383 2892 capto
1407 2815 1517 2865 aut
1534 2794 1763 2866 dedito
1784 2839 1807 2874 ‚
1844 2792 2280 2891 triumphum,

329 2890 482 2961 hinc
505 2891 816 2962 alienatus
841 2895 921 2964 ab
944 2890 1165 2967 senatu
1186 2889 1821 2972 AEmilius‚seditiofis
1841 2891 2278 2964 tribunatibus

332 2988 608 3062 similem
633 2992 870 3063 deinde
907 2992 1311 3066 consulatum
1349 2990 1562 3093 geffit.
1614 2995 1795 3066 Nam
1818 3017 2033 3090 neque
2055 2991 2278 3090 quoad

332 3085 452 3159 fuit
474 3087 720 3172 consul,
744 3092 1068 3164 criminari
1090 3094 1256 3190 apud
1279 3094 1593 3190 populum
1609 3099 1835 3164 Patres
1856 3091 2282 3170 destitit‚col-

334 3188 482 3287 lega
518 3189 1021 3288 haudquaquam
1050 3190 1431 3264 adversante
1451 3237 1472 3271 ,
1512 3190 1663 3288 quia
1698 3200 1762 3264 &
1799 3187 1932 3287 ipse
1958 3192 2042 3262 de
2078 3191 2277 3287 plebe

329 3311 469 3361 erat
492 3314 509 3357 t
536 3292 558 3381 (
581 3292 914 3361 materiam
937 3313 1154 3364 autem
1178 3291 1514 3389 praebebat
1534 3289 1915 3361 criminibus
1940 3305 1968 3338 ²
1988 3303 2013 3333 ⁸
2032 3314 2193 3388 ager
2210 3290 2278 3360 in

2032 3389 2280 3460 Latino

409 3528 435 3560 2
471 3522 505 3564 Α
536 3532 582 3564 er
606 3518 654 3564 in
673 3516 830 3566 Latino
847 3514 1106 3586 Falernoque
1130 3526 1277 3585 agra]
1555 3524 1595 3568 G
1625 3531 1662 3568 ι
1694 3533 1728 3566 o
1764 3531 1801 3566 κ
1832 3533 1865 3566 0
1888 3533 1922 3566 v
1954 3532 1973 3565 ι
2015 3508 2055 3565 ι’.

339 3583 455 3631 Dete
470 3603 526 3633 το
540 3602 658 3651 agro.
691 3588 760 3633 Sic
773 3585 910 3648 supra:
933 3589 1102 3635 Binain
1118 3589 1275 3634 Latino
1408 3601 1435 3633 a
1480 3592 1590 3653 Ager
1619 3590 1670 3635 in
1695 3589 1853 3635 Latino
1897 3589 1980 3635 Fu!
2179 3601 2279 3653 agn

324 3651 480 3714 jugera
496 3684 509 3701 .
538 3657 605 3699 iu
616 3667 664 3699 ur
677 3655 925 3699 dodrantem
947 3672 1005 3701 ex
1030 3657 1282 3705 Privernati
1335 3652 1865 3721 maligneplebidivism.]
1882 3657 1989 3703 scio
2002 3670 2063 3718 po
2100 3666 2277 3702 eexcu-

217 3730 230 3745 κ
329 3719 601 3785 ταμείοις,
617 3722 736 3768 data.
764 3719 990 3769 Tanfflab.
1296 3716 1309 3794 ι
1332 3722 1413 3768 sari
1432 3754 1447 3778 ‚
1473 3736 1614 3786 qutun
1623 3726 1774 3790 priore
1798 3721 2283 3836 locoparoeruprqffip

1468 3808 1473 3813 .
1731 3808 1751 3819 ,,
1920 3808 1927 3815 .
2151 3804 2167 3837 ¹
