2593 4366
318 143 323 148 .
915 86 1058 154 L-1
1108 106 1332 158 nnn
1425 84 1581 155 111.
2113 105 2241 156 201

247 184 690 262 lumtbellum
714 202 999 282 gereret.
1046 188 1280 279 Itaque
1301 185 1481 280 AEqui
1503 185 1584 252 ab
1613 180 1957 254 Ecetranis
1970 180 2240 255 Volscis

254 285 636 388 praefidium
672 283 945 380 petiere.
995 306 1130 380 quo
1174 282 1404 377 cupide
1438 282 1670 352 oblato
1714 283 1921 368 (adeo
1945 282 2246 352 civitates

259 390 373 461 hae
399 406 724 483 perpetuo
759 381 826 450 in
847 384 1193 452 Romanos
1218 381 1379 452 odio
1403 388 1770 473 certavere)
1794 380 2043 451 bellum
2074 378 2249 451 sum-

268 510 391 561 ma
412 484 472 553 vi
495 479 863 581 parabatur.
913 480 1215 552 Sentium:
1253 469 1562 561 Hernici,
1598 488 1660 553 &
1700 480 2062 577 ptaedicunt
2102 482 2252 554 Ro-

274 582 528 661 manis,
554 585 955 652 Ecetranum
978 577 1057 650 ad
1088 584 1331 677 AEquos
1350 575 1628 649 descisse.
1663 576 1948 676 suspecta
1968 589 2034 653 δι
2059 580 2253 649 colo-

281 686 395 758 nia
415 684 689 753 Antium
708 667 856 762 fuit!
869 679 1050 776 quod
1142 702 1309 777 agna
1332 676 1429 746 vis
1456 676 1796 748 hominum
1813 680 1963 750 inde
1983 725 2005 759 ‚
2039 704 2248 779 quum

282 781 600 879 oppidum
622 779 891 875 captum
911 772 1095 860 ess'et,
1120 771 1512 874 confugisset
1533 777 1610 846 ad
1631 780 1893 874 AEquoe.
1922 774 2103 877 isque
2122 779 2251 849 mi·

285 885 377 953 les
396 905 507 978 per
527 879 785 950 bellum
806 865 1142 973 AEquffcum
1162 878 1266 948 vel
1291 875 1642 948 acerrimus
1669 873 1812 946 fuit.
1862 874 2247 974 Compulfis

276 981 511 1052 'deinde
532 980 601 1047 in
623 976 871 1111 oppd'da
889 976 1132 1075 AEquiS,
1148 1000 1228 1046 ea
1248 975 1605 1046 multitudo
1619 971 1861 1071 dilapsa
1874 1001 2074 1073 quum
2105 982 2249 1048 An-

290 1081 437 1150 tium
457 1074 674 1148 rediff
705 1095 771 1155 t,
791 1070 896 1143 sua
917 1071 1149 1170 sponte
1174 1078 1306 1165 jam
1338 1073 1582 1146 infidos
1620 1075 1904 1145 colonos
1925 1076 2248 1146 Romanis

285 1176 646 1250 abalienavi
685 1223 705 1244 .
753 1176 906 1246 Nec
941 1174 1096 1244 dum
1119 1196 1372 1244 matura
1409 1199 1521 1254 re,
1556 1200 1760 1272 quum
1805 1168 2251 1245 defefflonem

283 1279 493 1376 parari
511 1276 803 1347 delatum
839 1270 920 1341 ad
958 1269 1248 1344 senatum
1277 1269 1435 1343 esset
1457 1318 1480 1354 ‚
1516 1273 1742 1345 datum
1781 1272 2122 1372 negotium
2154 1269 2253 1343 est

282 1374 772 1455 consulibu8‚ut
788 1370 1185 1468 principibus
1209 1372 1487 1443 coloniae
1507 1374 1797 1450 Romam
1811 1371 2259 1468 'excitis,quae-

293 1497 538 1558 terent,
567 1485 600 1519 ⁸
625 1471 940 1569 quidnam
965 1471 1057 1542 rei
1076 1467 1253 1541 esset.
1286 1470 1400 1568 qui
1420 1496 1622 1568 quum
1643 1470 1814 1541 haud
1836 1493 2104 1569 gravate
2137 1494 2257 1541 ve-

294 1570 552 1652 nissent,
570 1570 935 1652 introducti
952 1569 987 1639 ὲ
1009 1566 1379 1641 consulibus
1401 1570 1479 1639 ad
1510 1566 1801 1641 senatum
1818 1619 1840 1653 ‚
1861 1574 1952 1642 ita
1987 1565 2258 1666 respon-

289 1673 522 1744 derunt
543 1672 624 1740 ad
649 1669 1155 1766 interrogatagut
1176 1668 1385 1766 magis
1410 1664 1681 1764 suspecti
1696 1693 1891 1768 quam
1913 1690 2254 1750 venerant,

300 1773 814 1843 dimitterentur.
830 1768 1252 1839 Belluminde
1275 1768 1441 1837 haud
1461 1767 1729 1840 dubium
1752 1767 1995 1839 haberi.
2016 1770 2260 1865 Spfu-

297 1870 446 1949 rius,
462 1864 810 1941 consulum
832 1866 994 1936 alter
1021 1915 1040 1949 ,
1058 1869 1161 1938 cui
1176 1891 1253 1937 ea
1276 1866 1616 1963 provincia
1641 1888 1988 1953 evenerat,
2031 1863 2259 1964 profe-

301 1971 436 2039 &us
456 1971 526 2039 in
544 1971 818 2064 AEquos,
843 1966 1365 2036 Hernicorumin
1391 1991 1551 2064 agro
1572 1967 2104 2063 populabundum
2131 1966 2259 2036 ho-

302 2067 459 2138 stem
496 2065 790 2137 invenit:
831 2059 1218 2164 ignarusque
1255 2064 1730 2145 multitudiuiS‚
1761 2067 1913 2163 quia
1941 2061 2255 2161 nusquam

301 2162 597 2239 universa
637 2159 987 2261 conspecta
1006 2159 1255 2245 fuerat,
1286 2164 1604 2264 imparem
1643 2165 1847 2263 copiis
1888 2166 2254 2237 exercitum

302 2278 573 2339 temere‘
596 2286 830 2362 pugnae
868 2255 1219 2334 commisit.
1255 2265 1468 2358 primo
1503 2259 1819 2337 concursu
1856 2259 2068 2358 pulsus
2090 2260 2151 2334 se
2190 2266 2260 2335 in

304 2367 501 2437 castra
535 2364 813 2459 recepit.
850 2386 1065 2461 neque
1108 2364 1159 2431 is
1183 2360 1328 2433 finis
1360 2364 1630 2459 periculi
1674 2359 1832 2440 fuit,
1872 2385 2154 2460 namque
2188 2373 2260 2437 δε

303 2465 606 2561 proxima
640 2463 836 2533 noste
871 2469 936 2535 δι
966 2459 1231 2556 postero
1266 2458 1372 2532 die
1414 2483 1593 2531 tanta
1626 2461 1690 2530 vi
1717 2459 1919 2529 castra
1953 2457 2094 2530 sunt
2131 2461 2262 2530 cir-

311 2558 620 2635 cumsessa
640 2583 837 2658 atque
857 2582 1233 2658 oppugnata
1255 2606 1275 2638 ‚
1296 2582 1364 2675 gt
1398 2586 1479 2630 ne
1503 2560 1773 2630 nuncius
1810 2558 2075 2655 quidem
2105 2558 2258 2631 iude

306 2662 479 2734 mitti
519 2664 811 2733 Romam
845 2659 1075 2754 posset.
1127 2659 1401 2729 Hernici
1437 2669 1500 2734 ἂι
1541 2659 1710 2729 male
1753 2679 2155 2759 pugnatum,
2189 2668 2259 2732 δι
2341 2713 2350 2721 ,

305 2758 644 2833 consulem
680 2758 1174 2854 exercitumque
1215 2756 1537 2839 obsideri,
1575 2759 2064 2827 nunciaverunt.
2116 2778 2263 2829 tan-

303 2881 577 2956 tumque
597 2879 919 2927 terrorem
942 2852 1250 2927 incuss‘cre
1273 2858 1571 2928 Patribus
1588 2912 1606 2940 ‚
1637 2878 1705 2926 ut
1729 2859 1907 2955 (quae
1928 2853 2137 2927 forma
2164 2856 2264 2928 sc-

306 2955 772 3029 natusconsulti
790 2948 1032 3026 ultimae
1056 2950 1309 3052 semper
1329 2956 1722 3029 neceffitatis
1745 2956 1962 3026 habita
1983 2956 2103 3038 est)
2126 2964 2263 3028 Po·-

304 3056 541 3127 stumio
559 3055 746 3125 alteri
780 3051 1116 3124 consulum
1156 3055 1497 3151 negotium
1537 3057 1837 3135 daretur,
1877 3056 2152 3127 Videret
2180 3080 2263 3127 ue

310 3158 464 3255 quid
485 3151 764 3251 respubl.
782 3152 1157 3223 detrimenti
1180 3176 1466 3247 caperet.
1519 3151 1732 3252 Ipsum
1753 3152 2088 3226 consulem
2111 3156 2263 3225 Ro-

308 3281 426 3329 mae
474 3252 744 3329 manere
783 3251 862 3333 ad
903 3248 1417 3331 conscribendos
1453 3264 1685 3341 omnes
1720 3254 1832 3352 qui
1865 3278 2042 3323 arma
2090 3249 2259 3326 ferre

1983 3349 2264 3450 poffcut,

1315 3490 1407 3544 duo
1423 3494 1529 3545 Pan.
1562 3495 1714 3545 Helm.
1751 3498 1857 3563 quid
1884 3498 1947 3542 m'
1970 3496 2084 3558 effer.
2119 3502 2178 3547 Vt
2205 3502 2258 3551 δι

500 3566 544 3612 G
583 3575 620 3610 n
662 3576 696 3610 o
738 3573 775 3609 »1
802 3577 835 3608 o
873 3577 903 3613 ν
944 3577 963 3611 1
1008 3574 1048 3611 1.
1319 3569 1569 3627 Campanus
1584 3562 1742 3612 edidit.
1777 3566 1865 3611 Pai.
1897 3569 2080 3622 tertius,
2110 3569 2260 3634 quir-ei

1319 3634 1460 3692 effint.
1498 3628 1678 3686 Videtur
1692 3628 2000 3685 scribendum:
2019 3638 2119 3704 qaid
2135 3638 2182 3693 id
2196 3635 2260 3684 ηε·

364 3706 398 3748 a
436 3697 677 3773 Qidnam
698 3697 763 3755 ω’
782 3696 936 3766 effic-J
991 3694 1124 3763 Bogb.
1143 3695 1261 3757 flor.
1316 3702 1429 3770 effic.
1647 3770 1697 3831 N
1723 3784 1747 3841 ἱ
2071 3768 2105 3828 b
2131 3730 2258 3819 Diui:
