2593 4366
430 64 576 137 608
1106 60 1202 135 T.
1296 60 1362 135 L
1416 81 1447 132 1
1496 85 1543 136 v
1593 84 1621 134 ι
1675 76 1710 130 1
2537 26 2540 117 l

415 183 675 262 quanto
704 158 1034 262 angustior
1056 160 1348 237 hnmano
1382 156 1563 243 visu‚·
1605 159 1768 233 ficut
1796 156 1980 233 coelo
1998 154 2216 235 'miffus
2237 162 2390 263 pio}

302 274 313 285 '
415 264 640 335 culum
675 263 893 335 omnis
928 264 1234 334 Deorum
1267 260 1380 333 irae
1412 316 1433 346 ‚
1468 259 1585 360 qui
1619 257 1873 358 pestem
1911 258 1996 331 ab
2028 257 2156 333 suis
2192 288 2390 338 aver-

412 357 639 433 samin
660 360 876 434 hostes
893 356 1122 433 ferret.
1173 367 1278 433 Ita
1311 362 1528 432 omnis
1567 378 1822 444 terror‚·
1860 384 2204 461 pavorque
2223 386 2386 436 cum

412 458 537 532 illo
559 462 725 533 latus
750 487 773 542 ‚·
809 459 986 560 ligna
1007 460 1222 574 primo
1242 462 1630 532 Latinorum
1656 458 1987 531 turbavit:
2029 460 2270 534 deinde
2305 464 2387 535 in

416 576 632 632 totam
657 561 911 657 penitus
935 576 1141 632 aciem
1175 558 1479 658 pervasit.
1525 557 2102 632 Evidentiffimum
2139 557 2205 631 id
2226 557 2390 646 fuit}

415 660 600 757 quod
630 684 1044 757 quacumque
1075 683 1256 758 equo
1291 659 1588 730 invectus
1626 655 1724 728 est
1764 701 1787 738 ‚
1841 658 1935 729 ibi
1970 657 2161 730 haud·
2183 656 2381 734 secus

415 783 618 855 quam
650 756 962 855 pestifero
988 756 1191 831 fidere
1220 758 1338 828 iffi
1370 756 1733 855 pavebant:
1772 755 1886 827 ubi
1925 782 2085 829 vero
2119 762 2384 835 corruit

414 855 699 928 obrutus
736 858 922 941 telis3
952 858 1106 928 inde
1125 860 1256 952 jaim
1275 856 1446 929 haud
1465 855 1661 928 dubie
1679 852 2111 928 consternata:
2129 858 2392 932 cohor:-

416 975 520 1026 tes
545 958 934 1029 Latinorum
954 1002 975 1036 ‚
1011 955 1235 1055 fugam
1255 981 1330 1027 ac
1351 953 1717 1027 vastitatem
1748 955 1881 1025 late
1901 951 2223 1033 fecerunt.
2273 958 2394 1033 si:-

420 1057 561 1127 mul
598 1064 665 1129 &
708 1057 1001 1129 Romani
1027 1053 1341 1127 exsolutis
1373 1056 1691 1155 religione
1712 1055 1986 1136 animis,
2015 1055 2198 1128 velut
2231 1076 2383 1130 tum

419 1155 706 1253 primum
727 1154 910 1254 figno·
933 1157 1092 1227 dato
1107 1156 1324 1226 coorti
1343 1179 1634 1252 pugnarn
1656 1153 1980 1252 integram
2000 1155 2379 1229 ediderunt.

419 1275 576 1326 nam
595 1265 662 1329 &
688 1256 911 1326 rorarii
936 1253 1410 1348 procurrebant
1428 1256 1602 1324 inter
1618 1257 2028 1351 antepilanos
2052 1302 2070 1332 ‚
2102 1254 2383 1329 addide-

423 1375 705 1452 rantque
740 1354 908 1427 vires
949 1351 1212 1425 hastatis
1249 1376 1324 1423 ac
1368 1352 1804 1450 principibus:
1847 1352 2160 1428 &triarii
2199 1368 2380 1453 genn·

423 1453 702 1525 dextero
738 1451 987 1534 innixi,
1026 1470 1256 1524 nutum
1280 1448 1564 1523 consulis
1598 1452 1679 1523 ad
1714 1447 2243 1550 consurgendum
2262 1479 2385 1533 ex-

310 1575 402 1630 10
424 1547 832 1649 spestabant.
882 1550 1547 1627 Procedentedeinde
1569 1550 1968 1629 certamine,
2010 1565 2213 1649 quum
2237 1552 2383 1623 aliis
2456 1593 2462 1597 -

421 1649 715 1749 partibus
738 1652 1092 1724 multitudo
1109 1649 1437 1748 superaret
1456 1648 1846 1722 Latinorum
1868 1669 1890 1724 ‚‘
1907 1651 2195 1723 Manlius
2210 1676 2382 1723 con·

414 1747 546 1832 sul,
562 1749 787 1822 audito
806 1774 1048 1823 eventu
1071 1753 1376 1849 collegat,
1395 1776 1625 1848 quum,
1641 1770 1712 1820 ut
1727 1751 1828 1844 jus
1853 1744 1956 1818 fas
1997 1771 2074 1820 ue
2089 1771 2255 1830 erat,
2278 1753 2380 1821 laa-

413 1849 640 1922 crimis
659 1874 795 1923 non
820 1850 1031 1922 minus
1049 1875 1248 1949 quam
1268 1849 1562 1920 laudibus
1577 1846 1817 1920 debitis
1834 1775 2213 1944 proclamans
2235 1872 2376 1923 tam

411 1947 920 2023 memorabilem
943 1970 1229 2021 mortem
1248 1944 1404 2020 effet
1427 1977 1445 2031 ς
1464 1944 1810 2055 paullisper
1831 1946 2253 2024 addubitavit,
2278 1964 2368 2018 ari

408 2042 862 2147 consurgendi
883 2050 1016 2141 jam
1056 2047 1292 2119 triariis
1330 2068 1587 2145 tempus
1619 2049 1817 2119 estet:
1860 2044 2089 2118 deinde
2123 2045 2368 2118 melius

412 2168 589 2221 ratus
609 2147 908 2248 integros
952 2172 1071 2246 eos
1097 2146 1176 2220 ad
1215 2146 1519 2242 ultimum
1557 2143 1905 2218 discrimen
1943 2140 2220 2226 servari,
2254 2170 2370 2219 ac-

411 2244 648 2347 cegsps
688 2248 773 2319 ab
806 2244 1153 2320 novissima
1184 2246 1325 2319 acie
1364 2256 1516 2319 ant‘e
1560 2244 1734 2345 signa
1751 2243 2114 2343 procedere
2153 2244 2361 2336 jubet.

411 2348 558 2445 Qi
578 2347 689 2419 ubi
720 2343 976 2419 subiere
996 2391 1018 2428 ‚
1058 2348 1403 2445 extemplo
1425 2347 1642 2418 Latini
1664 2394 1688 2429 ,
1719 2365 2036 2444 tanquam
2058 2342 2237 2415 idem
2255 2346 2370 2417 ad*

411 2441 1026 2532 versariifecilsent‚
1063 2447 1324 2520 triarios
1363 2441 1514 2516 suos
1553 2448 2043 2518 excitaverunt:
2088 2445 2205 2541 qui
2247 2444 2370 2514 ali-

411 2546 703 2644 quandiu
726 2571 945 2646 pugna
962 2547 1172 2618 atroci
1191 2571 1392 2645 quum
1412 2555 1475 2618 δι
1495 2541 1816 2639 semetipsi
1851 2539 2254 2641 fatigass'ent,
2294 2552 2365 2617 δι

410 2642 624 2716 hastas
648 2668 755 2717 aut
793 2642 1298 2746 praefregiffent‚
1341 2663 1450 2714 aut
1469 2639 1876 2716 hebetail'ent
1896 2688 1916 2722 ,
1950 2643 2280 2738 pellerent
2302 2642 2367 2711 vi

407 2764 633 2814 tamen
652 2741 904 2817 hostem
935 2787 956 2826 ‚
975 2745 1378 2817 debellatum
1399 2744 1530 2835 jam
1550 2745 1710 2822 rati,
1739 2763 2266 2840 perventumque
2284 2740 2366 2812 ad

404 2863 773 2915 extremam
815 2849 1058 2930 aciem;
1094 2865 1233 2913 tum
1273 2836 1496 2913 consul
1518 2840 1792 2921 triariis,
1830 2838 2164 2935 consurgite
2197 2862 2361 2922 nunc,

403 2943 619 3041 inquit
638 2988 660 3022 ‚
702 2946 909 3036 integri
928 2941 1188 3036 adversm
1197 2938 1390 3035 feffin‘,
1429 2962 1697 3009 memores
1709 2941 1906 3030 patria
1947 2957 2370 3030 parentumque

402 3042 480 3120 ὁ*
498 3043 797 3139 conjugum
815 3066 884 3110 ac
899 3042 1199 3110 liberorum
1223 3067 1241 3108 .-
1282 3061 1549 3108 memores
1565 3035 1786 3132 consulis
1802 3055 1901 3128 pro
1921 3033 2110 3130 vestra
2128 3041 2365 3109 victoria

402 3161 585 3213 morte
614 3141 995 3210 occumbentis.
1064 3138 1198 3215 ubi
1234 3137 1438 3208 triarii
1478 3131 2027 3208 consurrexerunt
2072 3136 2368 3236 integri,

401 3237 881 3341 refulgentibus
901 3238 1096 3310 armis
1120 3287 1143 3322 ‚
1176 3250 1351 3308 nova
1387 3260 1468 3308 ex
1505 3232 1866 3332 improviso
1895 3255 2132 3307 exorta
2167 3237 2375 3317 acies5

403 3341 686 3439 receptis
707 3338 775 3410 in
789 3339 1136 3411 intervalla
1155 3337 1462 3408 ordinum
1484 3335 2197 3432 antepilani3‚clamore
2217 3330 2376 3405 sub-

404 3443 544 3516 lato
564 3438 878 3538 principia
899 3438 1289 3509 Latinorum
1329 3433 1746 3533 perturbant:
1781 3431 2103 3532 hastisque
2119 3452 2241 3504 ora
2258 3429 2370 3504 fo-

402 3541 660 3614 dientes
681 3594 699 3621 ,
740 3540 956 3635 primo
989 3537 1233 3608 robore
1268 3537 1559 3608 virorum
1590 3532 1795 3618 caeso,
1829 3559 1944 3628 per
1966 3533 2129 3613 alios
2154 3532 2374 3604 mani-

402 3641 594 3741 pulos
637 3638 818 3714 velut
854 3639 1137 3711 inermes
1177 3660 1387 3737 prope
1423 3635 1654 3709 intacti
1683 3630 1945 3736 erasere
1980 3660 2001 3707 ι
2040 3651 2369 3729 tantaque

1056 3736 1061 3741 ’
2174 3730 2366 3806 caede

1373 3891 1428 3932 e·
2287 3875 2308 3894 .
