2593 4366
968 151 1028 220 L
1078 169 1108 221 1
1153 173 1192 219 n
1241 175 1282 223 ε
1329 169 1379 225 R
1476 153 1514 223 1
1532 157 1626 228 V.
2137 182 2254 255 325

271 248 543 326 sciffum
563 248 781 323 vietor
800 246 1051 346 spiculo
1073 274 1337 347 gerenS,
1358 271 1613 325 terrore
1636 250 1776 324 caefi
1797 255 1969 355 regis
1987 301 2010 335 ,
2030 254 2254 330 hostes

276 351 528 428 fundit.
550 354 645 422 ita
666 349 965 446 equitum
988 375 1256 447 quoque
1278 346 1411 420 fusa
1443 352 1610 424 acies
1631 403 1652 436 ,
1687 379 1830 449 quae
1868 381 1991 425 una
2011 352 2256 428 fecerat

284 477 530 547 anceps
552 474 916 521 certamen.
972 451 1283 520 Dietator
1307 446 1541 548 fugatis
1563 451 1935 550 legionibus
1958 455 2248 536 instat‚&

285 554 375 620 ad
393 549 594 620 castra
613 544 993 645 compulsos
1009 549 1219 620 caedit.
1244 548 1646 622 Fidenatium
1667 551 1926 646 plurimi
1944 556 2249 627 locorum

295 649 539 721 notitia
556 646 845 746 effugere
870 649 935 717 in
954 670 1242 720 monteS.
1291 643 1531 718 Coffus
1567 651 1867 721 Tiberim
1893 677 2038 722 cum
2060 656 2252 751 equi-

295 768 442 818 tatu
479 745 874 818 transveetus
898 791 920 827 ‚
958 773 1038 818 ex
1060 772 1223 845 agro
1237 748 1617 819 Veientano
1655 748 1989 846 ingentem
2013 753 2251 823 detulit

298 848 581 943 praedam
599 849 679 918 ad
702 847 959 917 urbem.
1011 853 1192 917 Inter
1211 846 1504 943 praelium
1527 855 1591 920 δι
1627 847 1706 918 ad
1726 848 1925 919 castra
1946 854 2254 921 Romana

273 969 656 1054 pugnatum
689 946 785 1018 est
822 942 1120 1017 adversus
1139 967 1392 1041 partem
1435 947 1769 1041 copiarum
1791 993 1812 1023 ‚
1844 946 1925 1020 ab
1965 952 2256 1022 Tolum-

303 1046 435 1130 nio,
456 1069 525 1116 ut
547 1067 699 1116 ante
716 1045 964 1116 dietum
986 1043 1108 1124 est,
1135 1045 1215 1117 ad
1233 1044 1434 1118 castra
1451 1041 1724 1116 missam.
1776 1044 2009 1116 Fabius
2038 1050 2254 1119 Vibu-

300 1145 474 1216 lanus
495 1169 746 1215 corona
766 1144 1050 1241 primum
1072 1145 1317 1215 vallum
1336 1140 1670 1216 defendit:
1704 1145 1997 1216 intentos
2017 1147 2253 1218 deinde

299 1243 514 1316 hostes
529 1244 597 1315 in
619 1235 864 1315 vallum
881 1298 900 1326 ,
926 1239 1207 1342 egressus
1233 1243 1464 1316 dextra
1487 1243 1826 1341 principali
1846 1269 1996 1338 cum
2014 1244 2249 1315 triariis

293 1365 570 1442 repente
591 1343 865 1414 invadit.
968 1368 1052 1413 uo
1067 1368 1311 1439 pavore
1332 1343 1607 1434 injefto,
1629 1342 1835 1414 caedes
1855 1344 2256 1441 minor‚quia

279 1443 638 1540 pauciores
657 1463 884 1531 erant3
950 1467 1073 1541 uga
1101 1467 1237 1514 non
1257 1442 1468 1512 minus
1489 1442 1743 1538 trepida
1759 1492 1780 1526 ,
1813 1467 2010 1539 quarn
2029 1442 2094 1511 in
2118 1445 2254 1514 acie

291 1539 443 1614 fuit.
479 1541 818 1613 Omnibus
840 1541 1005 1612 locis
1027 1565 1095 1611 re
1121 1541 1289 1613 bene
1313 1541 1517 1640 gesta,
1537 1541 1817 1613 diestator
1835 1537 2244 1612 senatuscon·
2266 1561 2353 1621 20

291 1638 466 1713 sulto
486 1637 780 1739 jussuque
803 1639 1029 1737 populi
1050 1640 1457 1736 triumphans
1476 1640 1544 1710 in
1565 1640 1794 1711 urbem
1821 1641 2036 1711 rediit.
2067 1647 2254 1710 Lon-

291 1766 376 1846 ge
400 1741 757 1814 maximum
780 1738 1092 1836 triumphi
1136 1736 1576 1835 spefimculum
1600 1735 1720 1810 fuit
1738 1783 1758 1818 ‚
1793 1738 2028 1810 Coffus
2047 1736 2255 1836 spolia

293 1841 520 1937 opima
560 1839 731 1938 regis
764 1835 1373 1938 interfeffigerenS.
1406 1839 1473 1909 in
1496 1863 1646 1909 eum
1688 1837 1928 1909 milites
1967 1841 2255 1909 carmina

292 1938 634 2016 incondita
654 1984 676 2018 ‚
708 1960 1036 2036 aequantes
1072 1963 1222 2010 eurn
1271 1938 1571 2026 Romulo
1591 1983 1612 2017 ‚
1628 1962 1881 2008 canere.
1934 1938 2159 2034 Spolia
2186 1939 2256 2007 in

294 2039 439 2110 aede
464 2040 643 2131 Jovis
663 2038 933 2111 Feretrii
956 2094 974 2118 ,
996 2062 1201 2134 prope
1223 2038 1496 2110 Romuli
1519 2034 1721 2134 spolia
1740 2080 1762 2116 ‚
1797 2049 1843 2102 .⁸
1884 2061 2026 2134 quae
2046 2037 2255 2132 prima

296 2138 553 2234 Opima
570 2139 895 2235 appellata
912 2133 1047 2207 sola
1063 2161 1140 2209 ea
1155 2134 1544 2233 tempestate
1563 2156 1748 2208 erant
1764 2180 1785 2214 ‚
1827 2159 1976 2206 cum
2001 2131 2255 2205 solenni

295 2237 713 2323 dedicatione
737 2237 917 2307 dono
935 2234 1102 2306 fixit.
1136 2257 1595 2334 averteratque
1619 2237 1683 2304 in
1704 2231 1766 2306 se
1787 2232 1822 2302 a
1846 2259 2031 2305 curru
2048 2234 2260 2304 dieta*

293 2338 460 2407 toris
486 2337 725 2407 civium
745 2360 885 2417 ora,
906 2346 970 2420 &
999 2334 1400 2409 celebritatis
1417 2339 1560 2428 ejus
1593 2335 1720 2405 diei
1742 2330 2022 2403 fruetum
2046 2357 2254 2429 prope

293 2431 469 2507 solus
488 2438 753 2517 tulerat«
798 2436 1109 2506 Distator
1128 2446 1447 2506 coronam
1469 2458 1728 2503 auream
1772 2432 2002 2501 libram
2026 2433 2254 2526 pondo

292 2559 376 2608 ex
418 2535 676 2634 publica
706 2536 1019 2631 pecunia,
1053 2533 1282 2630 populi
1313 2527 1472 2624 juffu
1503 2532 1571 2601 in
1589 2529 1936 2626 Capitolio
1956 2533 2108 2620 Jovi
2131 2531 2254 2600 do-

294 2659 451 2705 num
471 2631 709 2731 posuit.
759 2636 1024 2706 Omnes
1046 2654 1196 2702 ante
1219 2631 1644 2702 meaustores
1668 2625 1945 2707 secutus,
1972 2637 2051 2696 A.
2078 2633 2257 2700 Cor-

291 2735 542 2804 nelium
571 2729 844 2806 Cofl'um
865 2733 1196 2803 tribunum
1217 2730 1498 2801 militum
1521 2770 1540 2808 ‚
1564 2725 1837 2811 secunda
1864 2722 2068 2823 spolia
2112 2727 2263 2821 opi-

296 2858 404 2904 ma
431 2833 616 2926 Jovis
639 2832 914 2908 Peretrii
935 2831 1191 2927 templo
1210 2823 1530 2907 intulisse,
1569 2822 1857 2923 exposui.
1916 2846 2252 2907 caeterum,

294 2955 735 3029 praeterquam
774 2933 954 3030 quod
980 2956 1054 3001 ea
1082 2931 1206 2999 rite
1239 2929 1463 3026 opima
1495 2923 1699 3022 spolia
1721 2924 2076 3004 habentur,
2115 2950 2258 3021 qua:

292 3034 421 3103 dux
443 3032 592 3103 duci
612 3031 895 3102 detraxit
917 3059 936 3115 ;
962 3056 1080 3101 nec
1098 3030 1333 3099 ducem
1355 3028 1686 3103 novimus,
1708 3023 1818 3094 nifi
1840 3026 2020 3116 cujus
2054 3021 2267 3119 auspi·-

296 3133 405 3203 cio
432 3130 678 3202 bellum
698 3131 988 3229 'geritur3
1029 3129 1250 3201 titulus
1276 3124 1412 3223 ipse
1431 3120 2025 3222 spoliis‘inscriptus
2048 3167 2067 3200 ‚
2108 3125 2262 3191 illos

294 3255 541 3329 meque
568 3233 781 3332 arguit
803 3274 824 3307 ‚
851 3228 1181 3300 consulem
1224 3251 1300 3297 ea
1338 3222 1607 3298 Cossum
1639 3218 1892 3320 cepiffe·
1953 3225 2107 3290 Hoc
2132 3245 2263 3319 ego

295 3356 499 3428 quum
522 3326 890 3427 Augustum
914 3326 1268 3405 Caesarem,
1290 3325 1699 3420 templorum
1721 3322 2016 3390 omnium
2035 3321 2269 3389 condi-

295 3454 435 3511 rem
456 3430 563 3501 aut
585 3426 1069 3509 restitutorem,
1102 3443 1122 3484 ³
1154 3421 1499 3521 ingreffum
1523 3422 1729 3515 aedem
1755 3418 2029 3491 Feretrii
2051 3421 2267 3510 Jovis‘,

2075 3544 2270 3616 quam

360 3643 383 3685 ³
416 3626 647 3692 Templum
675 3624 1046 3686 Feretrii.t·vis.]
1093 3619 1238 3689 Qod
1564 3620 1604 3662 G
1633 3628 1667 3662 R
1714 3629 1746 3662 ο
1782 3604 1818 3661 ir
1851 3598 1883 3661 o
1911 3627 1946 3662 v
1985 3602 2006 3660 Ἰι
2052 3631 2090 3663 ι.

294 3691 444 3742 fuitln
458 3698 630 3742 vertice
654 3692 830 3740 montis
846 3692 1090 3755 Capitolini
1108 3692 1243 3741 5120*
1393 3708 1422 3740 a
1455 3694 1720 3760 Qaepn’nu
1736 3699 1769 3742 0
1801 3694 2155 3762 inaqpeuarm]
2183 3696 2282 3739 Vo-

296 3760 431 3807 mulo
453 3763 555 3823 post
569 3760 742 3813 benum
756 3759 1087 3819 canimnfium
1097 3776 1246 3812 exttu-
1339 3775 1440 3811 cem
1459 3767 1607 3830 prima
1628 3760 1745 3811 abun
1805 3777 1850 3810 re
1885 3764 2035 3812 censet
2058 3763 2285 3827 Sigonius.

296 3828 447 3896 fiunt.
464 3831 673 3891 Godelqv.
922 3831 926 3834 ⁴
1228 3826 1240 3834 ’
1744 3835 1789 3880 Χ
1829 3847 1850 3893 5
2175 3831 2289 3878 Non
