2593 4366
837 128 904 204 1.
958 149 990 200 1
1038 149 1078 202 ι
1120 153 1167 204 e
1207 133 1261 207 n
1286 205 1289 206 f
1353 127 1392 205 1
1406 129 1499 206 X.
1995 141 2046 229 7
2055 154 2085 226 ς
2099 138 2144 228 ς’

178 223 407 316 astes,
426 225 726 304 universa
740 253 952 328 prope
953 251 1132 398 ¹gens
1154 284 1176 313 ,
1207 231 1340 303 fine
1358 227 1879 305 dissimulatione
1892 231 2147 310 consilii

194 332 445 436 publici
463 376 485 412 ‚
519 330 600 402 ad
622 327 846 402 hostes
865 329 948 401 de
979 330 1257 401 civeram
1293 341 1359 406 δι
1379 328 1884 433 Ροίὶςιιιωίἃο
1898 332 2149 408 Rome

198 459 350 507 eum
367 431 768 505 Samnitibus
784 424 1042 501 foedete
1062 470 1087 506 ‚
1110 421 1372 500 feciales
1396 451 1712 504 venerant
1731 475 1753 511 ‚
1772 455 1875 504 res
1897 433 2151 531 tepeti-

198 555 366 616 tum,
385 532 761 601 renationem
778 584 799 612 ,
824 526 1112 605 aiebant,
1123 526 1223 621 effi:
1234 579 1254 608 ,
1273 546 1339 597 ut
1354 547 1565 600 terrore
1582 529 1775 630 mcaffl
1792 529 1917 603 beni
1937 543 2150 604 Roma·-
2243 573 2252 592 ν

194 630 361 726 nosse
370 628 507 725 fieri
524 647 878 720 pateremur.
898 624 1048 719 quod
1061 643 1402 719 quantopere
1414 627 1870 723 optandumforet
1882 685 1907 717 ,
1927 637 2151 704 Herni-

200 753 290 802 cos
323 728 550 826 docus'ffe
567 753 589 798 .·
627 749 801 819 quum
819 727 1013 819 quibus
1028 726 1259 795 licuerit
1275 773 1299 808 ,
1319 723 1450 820 suas
1464 726 1613 818 leges
1635 741 1881 812 Romana
1911 732 2154 805 civitati

189 828 625 926 praeoptaverint
639 852 661 896 .·
675 826 867 919 quibus
881 825 1103 918 legendi
1116 823 1259 916 quid
1274 825 1530 909 manent,
1549 829 1708 917 copia
1721 828 2036 922 mnfuerit,
2047 850 2160 926 pre

196 948 363 1025 pena
377 926 738 1025 neceffart'am
750 928 1055 998 civitatem
1055 921 1214 1018 fore.
1257 924 1384 997 Ob
1395 923 1535 997 hoec
1556 969 1579 1004 ‚
1609 927 1814 1024 vulgo
1833 932 1902 1000 in
1921 933 2156 1005 conci..

198 1028 303 1101 liis
320 1029 586 1122 jafflmta,
609 1026 892 1124 populus
914 1027 1258 1097 Romanus
1279 1024 1531 1097 bellum
1552 1020 1697 1096 fieti
1717 1027 1932 1125 AEquis
1949 1029 2154 1121 juffitt

202 1122 639 1226 consulesque
658 1124 861 1197 ambo
878 1123 960 1196 ad
979 1149 1227 1197 novum
1249 1121 1537 1223 profeffi
1551 1123 1800 1198 bellum
1817 1168 1841 1207 ‚
1870 1149 2158 1225 quatuor

198 1227 497 1302 millibus
557 1226 596 1297 ὲ
643 1224 863 1297 castris
917 1222 1204 1296 hostium
1256 1221 1722 1298 consederunt.
1800 1228 2155 1325 AEquotum

207 1327 542 1401 exercitus
566 1327 675 1420 (ut
692 1325 807 1424 qui
824 1319 939 1396 suo
955 1324 1225 1397 nomine
1239 1326 1609 1424 permultos
1628 1348 1835 1397 annos
1847 1325 2158 1399 imbelles

204 1423 541 1527 egissent)
564 1423 992 1495 tumultuatio
1014 1422 1237 1496 similis
1257 1423 1434 1505 ‚fine
1456 1424 1735 1498 ducibus
1757 1425 1956 1497 certis
1976 1470 2000 1507 ‚
2029 1425 2162 1499 fine

200 1525 496 1623 imperio
515 1545 615 1594 tre
665 1524 867 1596 idate.
903 1522 1016 1595 alii
1041 1523 1415 1597 exeundum
1437 1523 1504 1595 in
1526 1525 1731 1598 aciem
1750 1569 1774 1605 ‚
1811 1524 1920 1595 alii
1956 1522 2164 1598 castra

199 1623 456 1695 tuenda
486 1548 747 1694 cenngnt
770 1651 789 1694 ε
830 1643 1059 1696 movet
1073 1620 1424 1723 plerosque
1442 1623 1716 1698 vastatio
1734 1619 1948 1697 futura
1966 1649 2168 1724 agro·-

199 1748 351 1795 tum
371 1766 395 1802 ‚
431 1745 504 1794 ac
526 1720 836 1822 deinceps
856 1748 1006 1797 curn
1027 1722 1282 1796 levibus
1298 1721 1604 1821 praefidiis
1622 1723 1882 1797 urbium
1899 1726 2170 1797 relifia-

199 1847 352 1895 rum
371 1822 653 1894 excidia.
703 1827 734 1892 1
742 1845 939 1922 taque
963 1820 1313 1924 postquam
1346 1823 1516 1896 inter
1547 1825 1788 1898 multas
1806 1819 2170 1898 sententiae

198 1947 356 2005 una,
381 1947 529 2020 quae
548 1918 769 1994 omissa
785 1948 936 1995 cura
958 1923 1408 1996 communium
1429 1925 1509 1997 ad
1521 1921 1888 2023 respefium
1909 1919 2169 1996 suarum

195 2045 546 2121 quemque
565 2046 781 2093 rerum
799 2020 1359 2109 vertiffet,audita5
1378 2046 1450 2097 ut
1461 2026 1672 2123 prima
1686 2024 1908 2125 vigilia
1927 2021 2171 2098 diversi

200 2122 240 2197 ὲ
265 2121 493 2195 castris
525 2122 605 2195 ad
622 2122 1034 2222 deportanda
1065 2122 1290 2197 omnia
1318 2127 1695 2226 tuendaque
1722 2124 2059 2198 moenibus
2098 2125 2173 2197 in

198 2222 407 2296 urbes
427 2221 709 2310 abirent3
727 2225 945 2295 cunffi
960 2247 1101 2293 eam
1124 2218 1510 2296 sententiam
1529 2225 1784 2323 ingenti
1805 2220 2047 2296 ass'ensu
2061 2247 2175 2296 ac·

203 2345 486 2418 cepere.
536 2321 777 2394 Palatis
800 2320 1098 2391 hostibus
1120 2344 1236 2416 per
1260 2345 1456 2418 agros
1475 2367 1497 2403 ‚
1516 2327 1729 2418 prima
1749 2325 1894 2396 luce
1914 2325 2174 2396 Roma·

197 2422 272 2492 ni
295 2418 500 2519 {ignis
525 2418 803 2515 prolatis
823 2419 889 2489 in
908 2418 1047 2488 acie
1064 2415 1425 2491 confistunt
1446 2446 1465 2488 ε
1490 2430 1557 2493 &
1580 2419 1694 2491 ubi
1713 2444 1908 2493 nemo
1923 2420 2163 2494 obvius

196 2521 373 2600 ibat,
400 2517 604 2614 pleno
622 2516 827 2615 gradu
846 2515 926 2587 ad
947 2512 1154 2586 castra
1172 2512 1460 2588 hostium
1479 2518 1784 2590 tendunt.
1799 2522 2166 2605 Caeterum,
2191 2543 2196 2551 ·

186 2618 561 2718 postquam
576 2614 669 2685 ibi
685 2639 898 2713 neque
914 2614 1227 2687 stationes
1214 2622 1369 2784 spru
1384 2616 1748 2713 pottis,nec
1764 2643 2169 2719 quemquam

189 2721 266 2793 in
291 2716 486 2789 vallo
507 2768 527 2797 ,
564 2738 685 2785 nec
721 2710 1057 2786 fremitum
1081 2739 1211 2785 con
1243 2736 1468 2786 netum
1486 2714 1845 2790 castrorum
1864 2718 2164 2791 animad-

192 2835 583 2899 verterunt3
602 2808 869 2885 insolito
888 2811 1146 2885 filentio
1164 2814 1358 2897 moti,
1374 2837 1556 2887 metu
1570 2814 1939 2891 infidiamm
1958 2814 2164 2891 subfi-

193 2917 413 2991 stunt.
435 2908 816 3013 transgreffi
856 2913 1096 2986 deinde
1133 2915 1374 2985 vallum
1394 2961 1416 2994 ,
1445 2940 1651 3014 quum
1667 2912 1921 2990 deserta
1935 2918 2159 2989 onmia

191 3008 604 3092 invenissent
623 3062 645 3098 ,
679 3033 964 3113 pergunt
996 3009 1255 3085 hostem
1280 3012 1568 3115 vestigiis
1588 3011 1804 3115 sequit
1837 3014 1947 3090 sed
1970 3017 2163 3091 vesti-

191 3119 308 3215 gia
330 3116 404 3185 in
418 3136 657 3184 omnes
673 3138 858 3212 aeque
878 3108 1152 3185 fetentia
1172 3134 1388 3211 partes
1410 3160 1434 3195 ,
1460 3138 1529 3186 ut
1545 3116 1612 3185 in
1627 3114 1884 3215 dilapfis
1905 3114 2161 3215 paffim.

190 3203 738 3315 ptimoet'totem
757 3208 1119 3301 faciebant3
1150 3209 1299 3310 post
1318 3270 1338 3298 ,
1362 3238 1479 3311 per
1489 3216 1951 3312 exploratores
1966 3240 2161 3288 com-

192 3312 415 3413 pertis
438 3308 726 3383 hostium
765 3312 1050 3384 consiliis
1070 3356 1093 3391 ,
1134 3313 1214 3384 ad
1257 3312 1538 3414 {iugulas
1572 3314 1767 3387 urbes
1802 3308 2159 3389 circumfe-

195 3411 426 3487 tendo
461 3408 691 3505 bello,⁴
734 3436 930 3483 unum
959 3422 1022 3488 Bt
1067 3413 1499 3513 quadraginta
1540 3416 1786 3513 ‘oppida
1815 3416 1987 3488 intra
2015 3414 2161 3487 dies

192 3506 696 3611 quinquaginta
728 3513 952 3582 omnia
982 3513 1437 3612 oppugnando
1476 3520 1840 3612 ceperunt:
1873 3540 2159 3616 quotum

192 3614 536 3714 pleraque
559 3606 771 3679 diruta
790 3654 811 3689 ‚
846 3632 1043 3709 atque
1063 3609 1325 3685 incensa
1345 3658 1368 3693 ‚
1406 3624 1788 3715 nomenque
1806 3620 2164 3715 [Equorum

186 3736 424 3817 prope
445 3707 533 3782 ad
550 3707 1076 3784 internecionem
1089 3709 1413 3799 deletum.
1431 3714 1548 3793 De
1564 3708 1786 3815 AEquis
1803 3714 2172 3813 triumpha-

2003 3838 2176 3905 tum,
