2593 4366
137 251 368 336 4308.
385 253 678 329 universa
690 281 897 352 prope
954 288 1073 334 ens
1098 319 1124 348 ,
1156 264 1312 333 fine
1330 248 1848 328 diffimulatione
1861 244 2118 326 confilfi

153 353 453 457 publici,
485 352 565 422 ul
582 352 805 422 hostes
822 354 899 428 de
927 364 1191 432 (iverat
1204 383 1227 423 ι
1265 365 1331 428 δι
1351 351 1853 455 postquamisto
1868 350 2120 424 Rome

160 480 321 529 eum
338 450 736 526 Samnitibus
752 443 993 526 foedete
1013 500 1039 535 ,
1062 450 1344 525 feciales
1366 471 1684 526 venerant
1701 494 1726 530 2
1742 474 1846 522 res
1868 449 2121 548 repeti·

161 577 339 636 tum,
358 550 735 621 tentationem
753 599 774 627 ‚
797 547 1073 629 aiebant,
1083 549 1191 643 effe
1204 598 1226 627 ,
1246 566 1312 616 ut
1326 567 1534 622 terrore
1552 548 1748 649 inctffv
1764 547 1890 619 belli
1910 561 2121 621 Roma·-
2221 611 2229 630 ,

158 650 335 747 nosse
344 648 481 745 fieri
499 663 855 740 paterentur.
872 647 1014 735 quod
1029 662 1375 738 quantopere
1385 646 1844 744 optandumfom
1855 701 1881 733 ,
1901 652 2123 718 Herni-

165 775 262 824 cos
297 747 562 845 docus'ffe:
602 767 778 838 quum
796 743 988 836 quibus
1002 744 1233 810 licuerit
1249 790 1274 824 ,
1294 740 1422 838 suas
1437 746 1583 837 leges
1605 761 1854 830 Romana
1885 747 2128 821 civitati

156 847 600 947 praeoptaverint
616 870 637 914 .·
651 843 843 936 quibat
858 840 1082 935 legendi
1096 840 1235 930 qnid
1252 842 1504 926 manent,
1522 850 1681 934 copia
1693 847 2009 941 mnfum't,
2021 864 2135 943 pro

166 969 339 1044 poena
353 945 715 1044 neceffitriam
728 945 1033 1016 civitatem
1034 936 1195 1033 fore.
1236 938 1363 1010 Ob
1374 938 1512 1011 haec
1531 985 1554 1020 ‚
1584 946 1789 1043 vulgo
1807 950 1875 1019 in
1893 950 2129 1022 conci..

84 1062 87 1065 ’
172 1049 283 1121 liis
300 1049 563 1141 jafiiata,
587 1043 869 1143 populus
892 1044 1238 1114 Romanus
1260 1038 1510 1110 bellum
1529 1036 1673 1112 fieri
1693 1045 1906 1142 AEquis
1924 1046 2128 1138 juffitz

176 1142 616 1246 consulesque
636 1142 839 1216 ambo
856 1140 937 1213 ad
958 1164 1207 1212 novum
1229 1133 1518 1238 profefii
1531 1137 1775 1214 bellum
1791 1186 1815 1224 ,
1844 1165 2131 1242 quatuor

170 1246 475 1322 millibus
534 1245 574 1316 ὲ
621 1242 842 1316 castris
896 1239 1183 1315 hostium
1236 1233 1701 1313 consederunt.
1777 1245 2129 1342 AEquorum

181 1347 520 1421 exercitus
543 1345 652 1439 (ut
668 1342 785 1443 qui
801 1337 918 1415 suo
934 1341 1204 1413 nomine
1218 1338 1592 1440 permultos
1612 1361 1813 1410 annos
1823 1341 2132 1415 imbelles

179 1443 519 1546 egissent)
544 1441 972 1514 tumultuario
993 1439 1215 1513 firnilis
1234 1438 1413 1522 ‚fine
1436 1436 1717 1512 ducibus
1739 1440 1933 1510 certis
1955 1485 1977 1521 ,
2007 1438 2140 1514 fine

177 1545 474 1643 imperio
494 1565 594 1613 tre
644 1542 846 1616 idare.
882 1540 995 1613 alii
1020 1539 1394 1613 exeundum
1416 1539 1485 1611 in
1506 1539 1714 1612 aciem
1731 1582 1756 1618 ‚
1792 1538 1899 1610 alii
1935 1535 2142 1613 castra

179 1643 435 1716 tuenda
465 1567 726 1715 cenl‘ent
749 1669 768 1713 t
809 1661 1038 1714 movet
1052 1636 1403 1740 plerosque
1422 1637 1698 1713 vastatio
1715 1632 1929 1711 futura
1945 1662 2145 1739 agro-

179 1769 334 1816 rum
354 1785 376 1821 ‚
411 1765 485 1815 ac
504 1740 817 1840 deinceps
836 1767 985 1815 cum
1006 1740 1261 1813 levibus
1277 1737 1585 1840 praefidiis
1603 1738 1862 1811 urbium
1880 1740 2148 1811 relissa-

181 1867 336 1915 rum
354 1842 633 1913 excidia.
683 1847 712 1911 1
721 1863 919 1941 taque
943 1837 1292 1940 postquam
1326 1840 1496 1913 inter
1528 1840 1769 1913 multas
1787 1835 2168 1911 sententias*

183 1967 341 2024 una,
364 1967 510 2040 quae
528 1937 750 2013 omiffa
765 1966 916 2013 cura
936 1940 1388 2013 communium
1409 1940 1490 2013 ad
1502 1934 1870 2039 respessum
1893 1932 2148 2012 suarum

181 2055 526 2141 quemque
546 2066 761 2113 rerum
780 2037 1339 2126 vertiffet‚audita;
1359 2062 1431 2113 ut
1443 2042 1654 2140 prima
1668 2039 1890 2139 vigilia
1909 2036 2151 2112 diversi

188 2142 228 2213 ὲ
252 2139 475 2213 castris
506 2142 585 2213 ad
604 2140 1015 2240 deportanda
1046 2140 1273 2213 omnia
1300 2144 1676 2240 tuendaque
1703 2137 2042 2213 moenibus
2081 2137 2154 2213 in

188 2240 391 2315 urbes
411 2240 691 2329 abirent3
708 2243 927 2313 cunffi
941 2266 1083 2312 eam
1106 2236 1492 2313 sententiam
1510 2241 1766 2339 ingenti
1787 2235 2030 2312 assensu
2043 2262 2157 2311 ac-

195 2364 470 2436 cepere.
519 2341 759 2413 Palatis
782 2337 1080 2433 hostibus
1102 2361 1220 2434 per
1241 2362 1437 2436 agros
1456 2384 1478 2420 ‚
1499 2343 1710 2435 prima
1729 2342 1876 2413 luce
1894 2341 2157 2412 Roma-

192 2441 266 2510 ni
287 2437 483 2537 lignis
507 2438 785 2534 prolatis
804 2438 872 2508 in
890 2437 1029 2507 acie
1045 2433 1406 2507 confistunt
1428 2463 1447 2506 t
1472 2447 1539 2511 &
1563 2437 1675 2508 ubi
1694 2462 1890 2510 nemo
1906 2436 2146 2510 obvius

191 2539 362 2618 ibat,
387 2536 588 2631 pleno
604 2535 810 2634 gradu
830 2536 909 2606 ad
930 2531 1135 2605 castra
1155 2531 1442 2606 hostium
1460 2535 1764 2608 tendunt.
1781 2539 2147 2619 Cancrum,
2174 2558 2180 2566 ’

172 2636 543 2735 ἐΡωίὶεῃιιειιῃ
559 2634 652 2705 ibi
669 2659 881 2733 neque
897 2633 1208 2705 stationes
1198 2640 1351 2802 ¹pto
1366 2633 1730 2731 portismec
1747 2660 2153 2735 quemquam

191 2738 265 2809 in
288 2736 468 2808 vallo
491 2789 510 2818 ‚
546 2757 670 2805 nec
705 2730 1040 2805 fremitum
1063 2757 1194 2804 con
1225 2754 1450 2805 uetum
1467 2731 1827 2807 castrorum
1846 2734 2148 2808 animad-

194 2855 566 2920 verterunt3
584 2828 852 2905 insolito
872 2830 1129 2904 filentio
1147 2833 1338 2915 moti,
1356 2832 1922 2908 metuinsrdiarum
1941 2832 2149 2907 subfi-

197 2934 403 3007 stunt.
425 2928 800 3034 transgreffi
842 2932 1080 3004 deinde
1116 2933 1358 3004 vallum
1377 2978 1398 3011 ‚
1428 2958 1634 3031 quum
1650 2930 1903 3008 deserta
1917 2934 2144 3006 omnia

197 3029 589 3108 invenissent
605 3082 629 3117 ‚
663 3054 950 3133 pergunt
982 3028 1238 3105 hostem
1263 3030 1551 3132 vestigiis
1572 3028 1787 3132 sequi:
1821 3032 1929 3107 sed
1954 3033 2148 3107 vesti-

198 3135 310 3231 gia
329 3134 397 3203 in
410 3156 642 3205 omnes
656 3157 843 3233 aeque
862 3127 1136 3203 ferentia
1156 3152 1371 3228 partes
1394 3177 1416 3213 ‚
1443 3155 1512 3203 ut
1528 3133 1596 3203 in
1611 3132 1868 3232 dilaplis
1889 3130 2145 3232 paffim.

198 3224 723 3329 primoer'rorem
742 3228 1103 3321 faciebant;
1134 3228 1283 3328 post
1302 3287 1323 3316 ,
1346 3256 1463 3330 per
1473 3234 1935 3329 exploratores
1950 3255 2145 3305 com-

200 3331 408 3428 pertis
429 3329 711 3403 hostium
749 3330 1034 3405 consiliis
1056 3374 1079 3409 ‚
1118 3331 1200 3403 ad
1243 3330 1522 3432 lingulas
1557 3332 1751 3404 urbes
1787 3326 2143 3406 circumfe-

206 3430 420 3502 rendo
451 3428 676 3523 bello,
718 3455 916 3502 unum
945 3440 1007 3506 δι
1051 3432 1483 3532 quadraginta
1525 3433 1769 3530 oppida
1800 3433 1972 3505 intra
1998 3431 2146 3505 dies

204 3527 680 3626 quinquaginta
713 3531 938 3601 omnia
968 3531 1420 3630 oppugnando
1461 3538 1776 3631 ceperunt
1806 3560 1825 3605 ε
1857 3556 2145 3633 quorum

206 3629 523 3727 pleraque
544 3627 757 3698 diruta
776 3671 797 3710 ‚
833 3650 1028 3726 atque
1049 3626 1310 3702 incensa
1330 3676 1352 3712 ‚
1391 3640 1772 3732 nomenque
1790 3637 2148 3732 Equorum

203 3751 421 3827 prope
440 3726 522 3800 ad
537 3726 1062 3802 internecionem
1075 3728 1398 3809 deletum.
1416 3731 1534 3811 De
1549 3726 1772 3832 AEquis
1788 3730 2157 3830 triumpha·-

1989 3855 2162 3921 tum,
