2593 4366
303 146 450 239 506
583 131 588 138 ’
1001 137 1099 210 T.
1194 141 1257 212 L
1315 161 1347 210 1
1394 162 1440 210 v
1490 153 1537 209 ι*
1583 159 1614 211 1

304 269 450 315 rum
499 237 802 341 ingressas
868 234 1031 309 fines
1090 239 1522 338 popularique
1594 238 1823 337 paffim
1879 242 2267 324 Romanuni

305 366 563 441 agrum,
586 340 887 410 attulere.
936 343 1016 408 In
1035 363 1164 436 qua
1185 339 1623 435 trepidatione
1636 364 1889 411 tantum
1911 339 2120 413 abfuit
2142 391 2164 424 ,
2191 370 2269 419 ut

303 441 521 532 civilia
543 437 898 509 certamina
921 457 1138 508 terror
1170 460 1475 509 externus
1510 438 1893 519 cohiberet,
1929 464 1999 511 ut
2030 467 2279 516 contra·

303 565 392 612 eo
427 539 783 609 violentior
821 535 1167 606 tribunicia
1202 535 1490 634 potestas
1521 539 1945 635 impediendo
1978 543 2265 616 deleaui

301 635 501 719 ‚effert
536 637 751 706 donec
800 636 1218 708 conditiones
1248 634 1564 732 impofitae
1601 637 1946 724 Patribus,
1998 666 2083 712 ne
2117 645 2266 741 quis

304 736 525 836 quoad
541 735 856 806 bellatum
881 731 1061 814 effer,
1086 736 1402 808 tributum
1418 734 1629 814 daret,
1654 740 1875 830 aurnjus
1894 739 1975 811 de
1994 743 2269 835 pecunia

302 835 836 908 creditadiceret.
887 836 1390 905 Eolaxamento
1406 835 1584 931 plebi
1603 833 1902 931 sumpto,
1942 865 2125 909 mora
2146 842 2264 912 de-

297 935 500 1007 ltfimi
523 959 658 1004 non
677 931 774 1004 est
799 929 990 1004 faRa.
1038 933 1448 1033 Legionibus
1487 935 1673 1024 novis
1690 930 1943 1030 scriptis
1962 982 1982 1015 ,
2017 939 2270 1034 placuit

301 1034 470 1106 duos
509 1033 833 1105 exercitus
883 1033 951 1104 in
995 1057 1220 1133 agrum
1253 1031 1577 1104 Volscum
1624 1033 1997 1131 legionibus
2040 1036 2264 1117 divisis

302 1133 479 1205 duci.
527 1139 632 1229 Sp.
673 1132 895 1204 Furius
921 1176 943 1212 ,
985 1138 1083 1205 Μ.
1108 1131 1424 1203 Horatius
1462 1129 1834 1203 dextrorsus
1867 1136 2270 1220 maritimam

300 1257 487 1304 oram
506 1253 703 1330 atque
728 1232 1031 1312 Antium,
1058 1231 1507 1327 QServilius‚
1534 1241 1599 1306 δι
1639 1235 1719 1301 L.
1738 1233 2076 1330 Geganius
2094 1234 2267 1326 laeva

302 1332 385 1403 ad
404 1353 665 1403 montes
690 1331 990 1402 Ecetram
1009 1354 1312 1428 pergunt.
1333 1333 1589 1402 Neutra
1607 1351 1788 1426 parte
1808 1329 2005 1401 hostis
2024 1333 2272 1417 obvius

303 1428 453 1503 fuit.
507 1431 858 1528 Populatio
878 1429 1101 1527 itaque
1129 1454 1262 1500 non
1281 1430 1376 1500 illi
1401 1453 1583 1528 vagae
1603 1428 1847 1513 similis,
1871 1455 2066 1531 quam
2089 1433 2276 1503 Vol-

305 1527 449 1601 scus
473 1529 799 1599 latrocinii
818 1553 1003 1600 more
1025 1525 1381 1613 ,discordia
1405 1527 1687 1600 hostium
1706 1524 1909 1610 fretus
1932 1573 1953 1610 ‚
1974 1539 2039 1604 δι
2065 1532 2275 1605 virtu-

309 1649 445 1701 tem
471 1651 795 1707 metuens,
819 1652 936 1724 per
958 1628 1463 1724 trepidationem
1486 1629 1720 1725 raptim
1744 1623 2028 1708 fecerat:
2053 1626 2160 1701 sed
2184 1629 2270 1714 ab,

313 1726 491 1821 justo
516 1728 805 1798 exercitu
827 1724 991 1820 justa
1026 1727 1117 1796 ira
1140 1723 1347 1813 fasta3
1390 1724 1609 1824 spacio
1645 1752 1913 1825 quoque
1941 1730 2269 1826 temporis

304 1825 594 1923 gravior.
639 1826 913 1921 Qippe
931 1825 966 1894 ὲ
985 1823 1248 1897 Volscis
1269 1826 1679 1906 timentibus,
1696 1837 1778 1897 ne
1798 1827 2060 1898 interim
2078 1853 2271 1904 exer-

305 1925 475 1994 citus
497 1923 581 1992 ab
604 1926 824 2014 Roma
841 1924 1074 2002 exiret,
1097 1924 1493 1995 incursiones
1510 1925 1576 1995 in
1607 1939 1899 1996 extrema
1920 1925 2142 1997 finium
2170 1923 2269 1996 fa-

306 2024 429 2092 &ae
461 2044 678 2093 erant:
722 2024 1039 2094 Romano
1073 2045 1306 2093 contra
1342 2025 1541 2095 etiam
1577 2024 1643 2094 in
1672 2023 1932 2098 hostico
1966 2025 2267 2112 morandi

304 2142 447 2194 erat
486 2116 692 2193 causs‘a
713 2177 733 2206 ,
779 2144 849 2193 ut
891 2120 1145 2193 hostem
1182 2124 1261 2195 ad
1299 2146 1634 2196 certamen
1690 2125 1980 2197 eliceret.
2026 2129 2266 2223 ltaque

307 2221 616 2293 omnibus
638 2222 857 2318 paffim
877 2223 1067 2293 tectis
1089 2247 1395 2322 agrorum
1417 2280 1431 2304 ,
1464 2220 1752 2324 vicisque
1782 2225 1980 2295 etiam
2002 2221 2272 2323 quibus·

307 2322 460 2393 dam
481 2320 720 2394 exustis
747 2371 767 2404 ,
803 2347 939 2392 non
973 2321 1209 2394 arbore
1243 2318 1585 2421 frugifera,
1624 2349 1758 2392 non
1797 2320 1945 2394 satis
1986 2325 2051 2393 in
2084 2319 2263 2419 spem

305 2415 570 2521 frugum
595 2423 862 2503 reliffis,
883 2422 1093 2504 omni,
1114 2448 1257 2521 quae
1276 2445 1463 2495 extra
1483 2423 1726 2494 moenia
1751 2417 1892 2505 fuit,
1921 2421 2264 2496 hominum

309 2520 769 2619 p'ecudumque
791 2522 1005 2617 praeda
1043 2521 1270 2599 abaRa
1294 2570 1310 2597 2
1352 2524 1644 2594 Romam
1667 2523 1997 2620 utrimque
2015 2521 2268 2592 exerci-

196 2620 238 2714 '3
258 2643 288 2688 2
311 2639 413 2691 tus
436 2621 706 2690 reduffl.
760 2627 974 2692 Parvo
1009 2620 1364 2692 intervallo
1384 2622 1463 2693 ad
1483 2619 1925 2718 respirandum
1944 2621 2270 2692 debitori-

308 2718 428 2787 bus
447 2717 634 2801 dato‚
652 2717 994 2817 postquam
1065 2720 1251 2792 uietae
1274 2744 1374 2791 res
1397 2721 1489 2791 ab*
1507 2720 1800 2793 hostibus
1820 2740 2006 2789 erant
2029 2765 2050 2798 ,
2089 2721 2268 2790 cele-

308 2815 484 2887 brari
504 2817 587 2888 de
605 2818 871 2915 integro
894 2818 1019 2911 juri
1051 2818 1253 2893 diffio
1275 2846 1292 2888 t
1318 2828 1382 2891 δι
1408 2841 1661 2891 tantum
1684 2814 1893 2897 abesse
1912 2814 2057 2913 spes
2085 2842 2273 2893 vetes-

304 2914 393 2985 εἰς
415 2916 676 2987 levandi
699 2914 980 2988 foenoris
1007 2962 1027 2996 ‚
1053 2939 1122 2987 ut
1139 2918 1391 2988 tributo
1416 2943 1660 2987 novum
1676 2912 1894 2986 foenus
1916 2917 2277 3005 contrahe-

307 3038 525 3094 retur,
559 3016 626 3086 in
654 3042 909 3087 murum
956 3014 990 3084 a
1015 3014 1389 3087 censoribus
1432 3017 1722 3085 locatum
1756 3008 1907 3082 saxo
1942 3008 2275 3109 quadrato,

304 3111 705 3187 faciundum.
743 3117 846 3185 cui
885 3113 1300 3201 succumbere
1330 3115 1517 3183 oneri
1558 3113 1786 3183 coafia
1807 3109 2272 3215 plebes;·quia

304 3241 507 3315 quem
533 3215 861 3284 delefium
895 3212 1313 3308 impedirent,
1340 3238 1476 3284 non
1499 3210 1830 3299 habebant
1861 3208 2100 3282 tribuni
2122 3214 2270 3307 ple-

308 3316 438 3386 bis.
484 3313 827 3385 Tribunos
848 3312 1041 3383 etiam
1065 3311 1378 3382 militares
1400 3312 1707 3407 patricios
1739 3306 2001 3381 omneis
2023 3314 2269 3382 coacta

307 3413 678 3515 principum
698 3411 933 3510 opibus
953 3403 1139 3501 fecit,
1157 3415 1239 3482 L.
1256 3413 1611 3493 Rutilium,
1632 3418 1703 3486 Ρ.
1718 3410 2057 3501 Valerium
2078 3432 2273 3508 quar-

325 3552 334 3573 ε
2093 3532 2265 3591 Uim,

310 3680 520 3731 Norbam
548 3686 600 3734 δε
615 3688 781 3736 sedam
812 3685 1032 3751 finitimas
1053 3683 1259 3754 colonias
1278 3679 1649 3812 kdeiisgnltum
1660 3676 2273 3747 pnshumdtdnaifinnnou

308 3760 459 3845 :vocat-
495 3751 638 3824 de
662 3770 812 3807 autern
848 3760 964 3861 {vovi
986 3756 1119 3829 coloni
1141 3748 1261 3829 dicat
1313 3753 1578 3806 estmitum.
1610 3758 1825 3847 Sigania·
2007 3768 2031 3777 ··
2127 3784 2180 3873 ·²
2206 3821 2277 3872 γ’
