2593 4366
394 91 541 168 4¹2
1072 68 1170 144 Ῥ.
1259 57 1325 138 L·
1371 85 1401 136 1
1450 87 1492 134 v
1547 85 1576 133 ι
1627 83 1661 138 1

387 171 511 255 est,
535 170 612 244 ad
631 168 914 268 praedam
931 163 1292 241 Veientem
1316 207 1338 243 ,
1362 163 1598 261 quibus
1637 160 2007 243 videretur,
2044 163 2116 237 in
2148 164 2343 249 castra

390 272 473 348 ad
492 273 887 352 dictatorem
901 261 1497 363 proficiscerentur.
1542 267 1786 360 Ingens
1805 260 2113 360 profefiia
2128 271 2343 340 multi-

295 387 376 445 21
393 372 557 444 tudo
578 368 858 466 replevit
878 365 1102 438 castra.
1152 366 1336 433 Tum
1355 360 1640 432 dioiator
1670 358 2001 458 auspicato
2034 364 2345 463 egreffus‚

391 496 593 570 quum
612 461 904 540 edixiffet
925 485 996 536 ut
1018 485 1195 531 arma
1215 460 1457 530 milites
1477 481 1789 556 caperent
1806 515 1824 542 ,
1870 474 1985 530 Tuo
2001 463 2175 533 duda
2191 520 2210 546 ,
2244 469 2341 537 in-

349 623 352 630 .
384 568 556 666 fluit,
580 567 807 664 Pythice
827 564 1043 655 Apollo,
1070 580 1272 649 tuoque
1304 561 1534 627 numine
1564 557 1837 651 instinstus
1849 578 2022 652 pergo
2054 563 2347 635 addeten-

385 665 732 749 dammbem
751 665 940 735 Veios:
979 659 1191 751 tibique
1220 659 1348 728 hinc
1362 658 1642 725 decimam
1663 676 1892 749 partem
1920 662 2113 752 praed4
2134 687 2349 750 mmm

391 763 669 858 Tefimul‚
693 774 828 830 Iuno
845 762 1081 853 Regina,
1102 781 1217 848 qua
1236 779 1383 824 nunc
1401 758 1550 826 Veios
1566 755 1696 828 colis
1709 800 1727 834 ‚
1740 774 1956 846 precor,
1972 778 2040 836 ut
2050 783 2153 829 nor
2162 767 2345 838 visto-

383 864 552 932 resin
575 858 814 955 nostram
831 879 1101 949 tuamque
1115 881 1247 925 mox
1248 851 1522 945 futuram
1535 854 1722 926 urbem
1723 855 1967 950 sequare
1984 883 2005 925 .-
2024 859 2123 930 aba·
2144 879 2228 942 te,
2248 862 2343 930 di.

374 982 559 1055 gnum
577 958 947 1051 amplitudine
961 976 1085 1040 rua,
1104 955 1372 1048 templum
1391 955 1660 1043 accipiat.
1710 958 1872 1025 Haec
1895 977 2226 1052 precatus,
2236 957 2277 1030 s
2265 987 2343 1031 u-

380 1080 655 1156 perante
678 1055 1091 1128 multitudine
1114 1110 1131 1138 ,
1162 1054 1245 1125 ab
1263 1053 1573 1126 omnibus
1596 1052 1756 1123 locis
1779 1053 2006 1126 urbem
2022 1058 2344 1164 aggredi-

381 1177 528 1242 tur,
556 1182 692 1257 quo
728 1156 943 1227 minor
977 1154 1059 1224 ab
1095 1152 1401 1224 cuniculo
1423 1152 1783 1250 ingruentis
1802 1153 2072 1248 periculi
2108 1153 2341 1228 sensus

381 1253 566 1334 effer.
600 1255 915 1334 Veientes
936 1251 1167 1352 ignari,
1185 1246 1398 1344 sejam
1423 1250 1505 1321 ab
1527 1247 1649 1323 suis
1673 1251 1950 1345 vatibus,
1965 1255 2094 1346 jam
2110 1253 2195 1323 ab
2212 1279 2342 1325 ex-

381 1356 587 1428 ternis
612 1354 889 1426 oraculis
913 1349 1246 1448 proditos,
1288 1350 1422 1444 jam
1455 1349 1523 1418 in
1542 1351 1805 1448 partem
1824 1351 2054 1447 praedae
2074 1347 2196 1424 suae
2215 1377 2343 1425 vo-

385 1477 575 1536 catos
610 1459 799 1526 Deos
820 1497 841 1532 ‚
869 1453 1033 1522 alios
1066 1449 1239 1520 votis
1270 1473 1351 1521 ex
1372 1447 1532 1519 urbe
1568 1446 1675 1520 sua
1703 1472 2017 1521 evocatos
2048 1449 2341 1524 hostium

386 1554 636 1649 templa
667 1548 989 1649 novasque
1009 1545 1190 1621 sedes
1223 1544 1549 1645 specium,
1581 1545 1778 1647 seque
1808 1548 2112 1622 ultimum
2148 1552 2336 1625 illum

385 1653 562 1725 diem
594 1675 787 1749 agere
809 1679 829 1735 ς
866 1648 1025 1719 nihil
1044 1649 1253 1719 minus
1278 1648 1614 1726 timentes,
1638 1673 1835 1746 quam
1855 1642 2134 1720 subrutis
2157 1652 2339 1737 cuni,-

385 1751 541 1828 culo
559 1747 891 1832 moenibus
915 1771 1130 1820 arcem
1159 1746 1289 1839 jam
1310 1746 1570 1842 plenam
1590 1742 1878 1820 hostium
1899 1743 2025 1828 effe
2045 1794 2068 1829 ,
2105 1750 2172 1824 in
2192 1775 2343 1821 mu·

381 1872 496 1930 ros
516 1874 638 1944 pro
655 1844 718 1920 se
740 1841 1007 1946 quisque
1023 1843 1254 1916 armati
1271 1840 1653 1916 discurrunt.
1687 1846 1999 1940 mirantes
2023 1849 2336 1946 quidnam

380 1946 451 2020 id
466 1943 622 2019 esset
638 1997 656 2027 ,
676 1945 855 2046 quod
875 1971 1076 2043 quum
1098 1964 1203 2014 tot
1225 1967 1344 2041 per
1359 1942 1497 2020 dies
1536 1969 1736 2015 nemo
1753 1941 1817 2018 se
1849 1945 1932 2016 ah
1953 1946 2331 2024 stationibus

385 2046 711 2131 Romanis
736 2039 1057 2126 movisset,
1082 2064 1221 2115 tum
1244 2043 1425 2113 velut
1447 2067 1512 2120 re
1563 2043 1793 2114 entino
1815 2044 1930 2128 iffi
1973 2040 2336 2125 ὦτοι-εἰη]-

385 2146 646 2244 providi
666 2165 1000 2223 currerent
1022 2142 1100 2214 ad
1124 2166 1373 2215 muros.
1424 2067 1736 2221 Inssritur
1754 2142 1902 2223 huic
1918 2146 2073 2218 loco
2093 2143 2329 2218 fabula:

383 2247 774 2323 immolante
793 2268 948 2345 rege
967 2242 1349 2317 Veientium
1371 2287 1394 2321 ‚
1416 2266 1655 2313 vocem
1685 2239 1992 2340 aruspicis
2029 2247 2333 2326 dicentis,

381 2345 498 2447 qui
528 2347 664 2439 ejus
705 2341 935 2416 hostiae
978 2364 1129 2415 exta
1176 2335 1626 2439 prosecuisset,
1673 2342 1737 2412 ei
1782 2344 2132 2417 victoriam
2172 2345 2332 2429 dari,

380 2446 748 2516 exauditam
782 2444 846 2512 in
885 2441 1229 2521 canicule,
1260 2434 1529 2512 movisse
1565 2442 1914 2514 Romanos
1951 2444 2193 2517 milites
2214 2493 2235 2526 ‚
2268 2465 2341 2517 ut

383 2544 701 2641 adaperto
715 2542 1019 2613 cuniculo
1041 2561 1194 2612 exta
1211 2560 1513 2637 raperent
1533 2581 1554 2619 ‚
1595 2548 1659 2616 δι
1683 2542 1764 2613 ad
1785 2542 2178 2617 difiratorem
2205 2542 2339 2617 fer-

383 2665 553 2713 rent.
598 2642 723 2714 Sed
742 2644 806 2711 in
828 2641 1020 2711 rebus
1040 2661 1172 2711 tam
1188 2639 1495 2737 antiquiS‚
1515 2637 1584 2719 ss,
1602 2665 1745 2739 qnae
1765 2639 1989 2711 similia
2010 2647 2149 2715 veri
2168 2642 2337 2728 sunt,

383 2766 509 2839 pro
534 2743 700 2812 veris
722 2740 1146 2837 accipiantur,
1169 2734 1318 2809 satis
1340 2738 1637 2811 habeam.
1664 2743 1826 2811 Haec
1846 2741 1921 2811 ad
1937 2739 2339 2813 ostentatio-

382 2865 535 2911 nem
553 2838 755 2911 scena:
775 2836 1116 2938 gaudentis
1140 2837 1462 2909 miraculis
1484 2838 1761 2935 aptiora,
1782 2863 1971 2935 quam
1990 2834 2073 2908 ad
2099 2839 2330 2924 fidem,

382 2964 598 3037 neque
633 2937 950 3010 affirmare
971 2983 991 3015 ‚
1036 2960 1250 3035 neque
1288 2933 1589 3008 refellere
1633 2960 1845 3032 operat
1892 2935 2174 3032 pretium
2206 2937 2333 3016 est.

378 3038 740 3113 Cuniculus
762 3035 1035 3119 delectis
1054 3034 1369 3106 militibus
1389 3060 1472 3106 eo
1495 3057 1795 3138 tempore
1812 3035 2037 3133 plenus
2063 3082 2083 3116 ,
2103 3037 2172 3107 in
2192 3039 2335 3109 aede

378 3137 684 3235 JunoniS,
706 3160 847 3233 quae
878 3135 946 3204 in
974 3134 1341 3214 Veientana
1364 3158 1510 3209 arce
1529 3140 1668 3219 erat
1687 3187 1709 3217 ,
1742 3155 2026 3219 armatos
2058 3136 2343 3234 repente

379 3238 610 3310 edidit.
655 3244 720 3310 δι
756 3257 901 3331 pars
941 3228 1196 3303 aversos
1229 3234 1301 3320 in
1329 3233 1527 3304 muris
1557 3234 1873 3306 invadunt
1903 3234 2127 3321 hostes
2149 3291 2166 3319 ‚
2239 3261 2336 3307 ars

380 3334 656 3409 claustra
681 3354 1015 3432 portarum
1039 3332 1397 3413 revellunt:
1436 3357 1610 3427 pars,
1628 3360 1833 3431 quum
1852 3359 1932 3404 ex
1968 3336 2161 3415 testis
2192 3262 2343 3411 iaxa

378 3436 748 3535 tegulaeque
780 3432 816 3502 ὲ
836 3431 1214 3504 mulieribus
1254 3458 1326 3505 ac
1347 3428 2031 3523 servitiisjacerentur,
2052 3431 2340 3506 inferunt

371 3535 586 3630 ignes.
638 3535 915 3606 Clamor
947 3531 1171 3602 omnia
1202 3532 1393 3602 variis
1418 3532 1807 3603 terrentium
1850 3558 1922 3623 ac
1958 3534 2339 3630 paventium

370 3631 673 3714 vocibus,
697 3631 896 3717 misto
930 3632 1278 3716 mulierum
1318 3654 1389 3704 ac
1421 3651 1778 3731 puerorum
1804 3632 2117 3743 ploratu,
2154 3658 2345 3707 com„

917 3760 974 3778 ..a
1023 3766 1026 3771 -
1312 3770 1315 3773 ,
2173 3733 2338 3832 Pl-et·

1970 3910 2001 3979 ’ᾇ
