2593 4366
922 128 986 198 L
1040 151 1066 197 ι
1115 127 1242 199 n‘n
1285 150 1338 200 R
1439 125 1527 197 X.
2070 130 2223 203 811‘

237 243 418 305 “atre
435 249 665 304 votam
704 225 878 300 filius
916 222 1143 297 consul
1181 226 1516 299 dedicavit
1551 224 2038 328 exornavitque
2078 227 2203 301 ho.-

224 257 420 408 Rium
444 326 692 427 spoliis,
764 349 999 397 uorum
1021 345 1203 395 tanta
1226 326 1587 397 multitudo
1609 318 1757 404 fuit,
1772 348 1846 397 ut
1865 354 2004 399 non
2022 322 2199 401 tem-*-

230 434 415 530 plum
438 450 694 501 tantum
712 353 1068 523 anumque
1102 421 1202 495 his
1239 447 1585 497 ornaretur
1607 468 1631 505 ‚
1661 421 1771 496 sed
1788 422 1977 522 sociis
1996 430 2199 501 etiam

228 522 620 626 colonisque
656 523 951 597 finitimis
986 523 1066 594 ad
1089 524 1495 621 templorum
1515 527 1957 626 locorumque
1988 527 2210 625 publi-

225 654 462 703 corum
482 647 790 697 ornatum
827 623 1306 697 dividerentur.
1355 631 1422 693 A
1456 623 1796 721 triumpho
1831 628 2205 700 exercitum

221 729 292 802 in
312 752 540 827 agrum
565 720 926 800 Vescinum
945 768 966 803 ‚
981 719 1136 822 q‘uia
1152 721 1340 821 regio
1355 719 1678 795 eainfesta
1697 723 1779 794 ab
1796 725 2199 802 Samnitibus

221 848 369 902 erat
391 875 413 909 ,
447 824 862 898 hibernatum
892 823 1101 896 duxit.
1152 827 1338 894 Inter
1355 820 1496 894 haec
1525 822 1850 895 Carvilius
1880 821 2200 899 consulin

222 925 495 999 Etruria
524 923 865 996 Troilium
903 922 1187 1019 primum
1223 945 1615 1022 oppugnare
1649 921 1917 994 adortus
1952 971 1977 1006 ,
2029 950 2196 1026 qua-.-

220 1024 614 1124 dringentos
654 1019 1062 1121 septuaginta
1096 1020 1490 1103 ditiffimoS‚
1528 1021 1800 1119 pecunia
1831 1024 2063 1121 grandi
2085 1051 2201 1123 pa·-
2228 1043 2235 1088 ·,

224 1125 376 1196 &os
394 1177 416 1212 ,
437 1146 508 1196 ut
528 1123 709 1195 abire
726 1122 884 1193 inde
903 1122 1134 1194 liceret
1149 1167 1170 1202 ‚
1189 1117 1434 1193 dimifit
1457 1147 1483 1208 t,
1502 1143 1806 1192 caeteram
1825 1122 2199 1195 multitudi-

220 1248 378 1300 nem
396 1224 853 1322 oppidumque
887 1217 1092 1319 ipsum
1116 1221 1181 1295 vi
1198 1221 1401 1318 cepit.
1432 1219 1587 1292 inde
1658 1223 1898 1320 uinque
1914 1222 2199 1309 castella,

220 1323 392 1397 locis
412 1323 529 1394 fita
552 1321 865 1401 munitis,
909 1321 1340 1420 expugnavit.
1387 1316 1576 1394 caesa
1607 1247 1703 1391 sswi
1741 1319 2026 1398 hostium
2063 1323 2197 1394 duo

220 1423 431 1498 millia
455 1422 957 1524 quadringenti:
996 1423 1211 1494 minus
1233 1420 1368 1491 duo
1390 1420 1596 1492 millia
1612 1421 1807 1518 capti.
1839 1431 1904 1496 δι
1934 1419 2196 1493 Faliscis

215 1545 451 1623 pacem
467 1522 845 1621 petentibus
868 1544 1111 1594 annuas
1130 1520 1419 1591 inducias
1442 1518 1648 1591 dedit:
1672 1522 1899 1617 pastus
1925 1543 2195 1614 centum

222 1621 433 1694 millia
447 1621 662 1721 gravis
678 1622 846 1703 aeris,
867 1630 933 1696 δι
959 1618 1356 1719 stipendium
1376 1620 1517 1712 ejus
1537 1625 1687 1690 anni
1709 1621 2054 1693 militibus.
2068 1621 2197 1692 His

220 1718 421 1795 rebus
441 1722 601 1792 affls
622 1722 703 1792 ad
737 1720 1144 1819 triumphum
1178 1718 1487 1792 deceffit:
1520 1740 1590 1789 ut
1613 1718 2085 1791 minusclarum
2107 1721 2191 1796 de

220 1821 856 1922 Samnitibus,quam
872 1822 1152 1918 collegae
1170 1816 1543 1916 triumphus
1556 1813 1799 1906 ‚fuerat3
1814 1819 1904 1889 ita
1924 1821 2194 1891 cumulo

224 1915 490 1993 Etrusci
526 1920 685 1994 belli
727 1941 1084 2019 arquatum·
1149 1919 1311 1996 AEris
1343 1917 1561 2019 gravis
1603 1919 1754 1990 tulit
1779 1921 1849 1989 in
1891 1919 2186 1992 aerarium

223 2040 526 2091 trecenta
546 2020 907 2123 nonaginta
929 2019 1168 2094 millia:
1205 2019 1288 2091 de
1309 2018 1571 2116 reliquo
1590 2043 1717 2094 aere
1732 2017 1939 2091 aedem
1967 2019 2187 2089 Fortis

225 2119 534 2194 Fortunat
557 2128 575 2160 ¹
599 2121 682 2193 de
704 2119 1028 2192 manubiis
1049 2113 1414 2193 faciendam
1438 2120 1684 2190 locavit
1704 2147 1725 2205 3
1748 2142 1956 2217 prope
1978 2119 2190 2191 aedem

222 2219 441 2293 eidem
466 2225 632 2294 Deae
649 2220 734 2291 ab
755 2245 911 2320 rege
936 2220 1202 2294 ’Servio
1217 2218 1458 2297 Tullio
1477 2219 1845 2289 dedicatam
1867 2246 1884 2287 ι
1928 2226 1991 2291 &
2012 2219 2191 2291 mili-

224 2319 402 2389 tibus
422 2344 502 2390 ex
528 2320 743 2415 praeda
760 2341 1082 2390 centenos
1117 2318 1311 2386 binos
1348 2312 1505 2387 asses
1532 2325 1598 2389 δι
1621 2318 1901 2386 alterum
1925 2326 2187 2415 tantum

219 2417 718 2489 centurionibus
774 2436 969 2513 atque
1003 2413 1335 2511 equitibus
1391 2414 1425 2503 (
1460 2414 1870 2517 malignitate
1907 2410 2183 2513 collegae'

219 2516 469 2624 gratius
507 2514 978 2613 accipientibus
1091 2514 1311 2603 unus)
1346 2509 1583 2583 divisit.
1648 2514 1865 2582 Favor
1899 2510 2184 2584 consulis

218 2635 469 2687 tutatus
502 2615 579 2685 ad
624 2614 943 2711 populum
980 2634 1016 2682 e
1119 2616 1201 2685 L.
1236 2608 1650 2685 Postumium
1687 2612 1747 2682 le
1801 2633 1978 2683 atum
2017 2614 2182 2706 ejus:

216 2714 358 2812 qui,
383 2714 559 2785 dicta
577 2714 683 2784 die
704 2711 742 2782 a
764 2717 867 2788 M.
886 2710 1138 2784 Cantio
1156 2710 1427 2782 tribuno
1451 2711 1663 2809 plebis
1688 2767 1707 2794 ,
1734 2638 1987 2814 {gerat
2004 2714 2072 2783 in
2092 2715 2191 2783 le-

214 2815 557 2919 gationem
581 2826 677 2899 (ut
698 2808 872 2885 fama
888 2806 1168 2894 ferebat)
1191 2811 1420 2908 populi
1430 2811 1740 2904 judicium
1764 2839 1781 2882 t
1823 2813 2182 2912 jafiarique

214 2915 447 3015 magis,
470 2939 670 3013 quam
694 2912 917 3013 peragi
932 2906 1255 2982 accusatio
1270 2914 1412 3003 ejus
1434 2933 1715 3008 poterat.
1770 2913 2027 2983 Exaflo
2047 2915 2287 3007 jam47

216 3037 396 3085 anno
420 3014 580 3086 novi
618 3013 864 3085 tribuni
897 3011 1107 3108 plebis
1132 3010 1583 3110 magistratum
1616 3012 1931 3082 inierant:
1975 3009 2182 3123 iisque

1992 3111 2173 3206 iphs,

217 3210 406 3257 trecenti
424 3210 620 3270 triginta.
656 3210 743 3257 Cui
760 3209 864 3257 satis
878 3204 1067 3272 quadrat
1079 3224 1164 3258 nu·
1237 3210 1285 3257 ln
1303 3205 1394 3255 boc
1406 3203 1569 3255 distare
1579 3221 1750 3255 veteres
1770 3206 2084 3263 existimarunt
2100 3229 2111 3255 ι
2129 3224 2183 3261 ut

216 3289 370 3325 merus
412 3277 459 3320 in
499 3290 684 3338 argento
715 3272 933 3324 tredecim
967 3277 1169 3325 millium
1241 3274 1295 3324 (it
1315 3278 1456 3342 prada
1488 3290 1681 3338 corpora
1707 3278 1899 3338 ipsarum
1914 3291 2065 3325 rerum
2082 3292 2182 3341 qut

216 3356 525 3392 trecentorum
554 3341 807 3404 Philippum
847 3379 862 3399 ,
893 3358 1030 3407 quem
1054 3348 1170 3394 recte
1237 3346 1473 3407 capiuntur
1502 3362 1513 3389 ε
1542 3344 1753 3393 manubia
1779 3359 1889 3392 vero
1914 3346 2101 3408 pecunia
2125 3361 2186 3393 ex

217 3411 404 3474 collegit
416 3411 554 3456 etiam
572 3408 751 3474 Lipsius.
785 3414 857 3469 Ad
878 3446 893 3467 ,
911 3409 959 3461 id
971 3412 1034 3462 est
1049 3448 1064 3471 ,
1079 3417 1163 3468 cit·
1233 3409 1381 3475 praeda
1407 3406 1592 3461 vendita
1617 3406 1807 3463 redaaa.
1855 3410 1968 3462 vido.-
1984 3413 2184 3462 Gellium

226 3477 470 3543 citer,plus
482 3478 647 3526 minus.
1238 3480 1320 3529 lib.
1347 3493 1611 3540 14.cap.13.
1642 3482 1845 3528 δαεῖεν.

1307 3563 1333 3593 2
1366 3554 1402 3593 A
1423 3552 1550 3595 Serv.
1575 3550 1713 3595 Tenui·
1739 3551 1999 3596 deductum.
2020 3550 2045 3610 ]
2076 3547 2184 3595 Plu-

424 3620 470 3665 Υ
497 3624 536 3660 Α
564 3625 601 3662 ι
639 3626 659 3659 t
695 3626 727 3659 o
753 3626 789 3661 ι
825 3628 856 3661 u
886 3627 946 3666 κ.
1232 3614 1412 3663 tarchus
1442 3618 1493 3659 in
1515 3613 1636 3660 libro
1658 3612 1716 3662 de
1739 3614 1922 3663 fortuna
1947 3620 2186 3665 Romano-

1235 3697 1337 3729 runi
1351 3695 1492 3745 quum
1509 3680 1755 3729 multarum
1781 3681 1948 3730 :dium
1981 3688 2187 3733 Fortuna

291 3759 316 3811 J
351 3753 425 3803 De
443 3747 662 3801 κυαθίδι-
677 3748 946 3812 juon-bia
961 3745 1165 3816 apxaeda,
1235 3746 1568 3805 a—sexv.·ru11io
1578 3745 1886 3806 dedicatarum
1902 3752 2185 3805 meminerit,

2031 3817 2178 3871 fmiae
