2593 4366
941 172 1001 241 L
1058 192 1084 239 1
1142 198 1178 248 Β
1230 198 1273 246 ε
1325 198 1391 248 R·
1464 179 1562 247 V·
2051 195 2099 268 4

236 265 552 354 adversus
572 263 950 338 Fidenatem
974 279 1039 344 δι
1068 273 1425 344 Veientem
1448 272 1727 353 hostem,
1745 272 2032 372 aliosque
2052 198 2203 362 fi1ip7-
2242 323 2249 330 -

221 372 448 442 timos
486 368 771 464 populos
816 369 1044 438 ultima
1087 373 1427 464 experiens
1477 374 1743 450 auxilia,
1797 374 2191 449 diftatorem

241 469 468 540 multis
505 464 999 562 tempestatibus
1033 466 1315 555 dixiss'et3
1359 495 1435 540 ea
1471 492 1624 543 tunc
1660 470 1962 542 inulitato
1994 496 2194 570 atque

238 567 537 637 inaudito
581 564 810 643 hoste,
866 565 949 634 ab
987 568 1266 637 Oceano
1301 590 1750 668 terrarumque
1784 572 2025 640 ultimis
2056 573 2193 641 oris

242 665 491 786 bellum
512 664 767 743 ciente,
811 664 969 734 nihil
1001 667 1507 738 extraordinarii
1537 669 1792 764 imperii
1834 690 1942 740 aut
1977 670 2197 741 auxilii

369 843 392 846 ‚v
606 763 916 846 Tribuni,
945 789 1221 861 quorum
1258 767 1892 838 temeritate-bellum
1928 791 2205 839 contra--

369 857 456 882 ‘²³'
517 911 518 916 κ
571 859 603 944 s,
626 858 890 932 summae
914 887 1127 932 rerum
1146 887 1496 959 praeerant:
1538 866 1997 964 delectumque
2019 861 2190 938 nihi·

247 961 321 1030 lo
343 960 791 1033 amorem
810 986 1004 1058 quam
1022 963 1099 1032 ad
1120 962 1333 1034 media
1353 962 1526 1034 bella
1541 963 1764 1033 haberi
1781 961 2005 1034 solitus
2024 988 2186 1049 erat,

253 1062 717 1146 (extenuantes
748 1061 946 1129 etiam
986 1056 1223 1133 famam
1256 1062 1457 1141 belli)
1499 1061 1853 1132 habebant.
1907 1065 2183 1134 Interim

251 1158 442 1239 Galli,
462 1156 811 1257 postquam
836 1164 1368 1255 accepere‚ultro
1390 1163 1712 1232 honorem
1736 1161 2030 1230 habitum
2045 1163 2192 1241 vio-

243 1256 554 1327 latoribus
574 1258 732 1350 juris
753 1255 1416 1358 humani,elusamque
1437 1256 1607 1330 suam
1627 1261 2022 1359 legationem
2046 1256 2207 1340 esse,·

242 1351 593 1455 flagrantes
643 1356 675 1406 b
697 1357 814 1436 ira,
836 1358 1017 1448 cujus
1036 1358 1367 1453 impotens
1387 1357 1479 1430 est
1504 1385 1659 1457 gens
1681 1375 1707 1437 ‚‘
1737 1357 2084 1438 confestim
2108 1356 2207 1426 fi-·

238 1460 377 1551 gnis
403 1453 969 1533 convulfis‚citato
989 1460 1246 1554 agmine
1264 1458 1387 1526 iter
1408 1455 1997 1555 ingrediuntur-Ad
2018 1481 2194 1554 quo-

232 1577 370 1624 rum
414 1555 942 1650 praetereuntium
979 1556 1211 1651 raptim
1251 1558 1603 1628 tumultum
1630 1581 1831 1658 quum
1865 1557 2205 1626 exterritae*

231 1653 422 1732 urbes
449 1652 527 1722 ad
553 1677 728 1723 arma
763 1674 1248 1735 concurrerent,
1282 1650 1561 1751 fitgaque
1585 1654 1931 1752 agrestium
1970 1654 2184 1733 fieret,

228 1753 523 1825 Romam
541 1748 603 1822 se
624 1753 992 1851 ire‚magno
1013 1754 1303 1823 clamore
1326 1751 2191 1852 fignificabant.quacunque
2280 1845 2283 1846 ⁷

230 1848 442 1933 ibant,
463 1852 647 1949 equis
666 1848 943 1950 virisque
965 1853 1166 1950 longe
1203 1877 1273 1921 ac
1294 1854 1425 1922 late
1464 1849 1602 1922 fuso
1626 1853 1882 1952 agmine
1904 1853 2191 1922 immen-

228 1944 366 2028 sum
388 1948 764 2020 obtinentes
787 1951 944 2021 loci.
992 1956 1115 2022 Sed
1141 1951 1568 2022 antecedente
1583 1948 1779 2030 fama,
1805 1948 2183 2047 nunciisque

226 2045 688 2131 Clulinorum,
732 2049 1036 2146 deinceps
1073 2050 1224 2120 inde
1249 2051 1523 2121 aliorum
1563 2053 1954 2147 populorum
1982 2051 2186 2146 pluri-

223 2171 408 2218 mum
444 2152 713 2219 terroris
750 2150 1040 2220 Romam
1074 2150 1374 2220 celeritas
1409 2148 1690 2220 hostium
1722 2151 1894 2219 tulit.
1936 2151 2182 2247 quippe

221 2246 464 2344 quibus
485 2297 505 2328 ,
524 2248 702 2317 velut
727 2248 1149 2318 tumultuario
1171 2250 1462 2319 exercitu
1502 2249 1732 2343 raptim
1759 2248 1981 2327 ducto,
2008 2273 2183 2345 aegre

220 2347 300 2417 ad
319 2346 737 2417 undecimum
762 2347 1048 2442 lapidem
1074 2343 1413 2416 occursum
1436 2346 1557 2428 est,
1581 2371 1706 2441 qua
1730 2344 1976 2415 flum‘en
2002 2347 2184 2415 Allia

218 2441 661 2517 Crustuminis
700 2446 1037 2515 montibus
1076 2446 1351 2541 praealto
1401 2442 1693 2513 defluens
1738 2445 1929 2514 alveo
1953 2489 1974 2522 ‚
2010 2444 2182 2513 haud

218 2541 682 2615 multuminfra
698 2545 866 2613 viam
891 2544 1219 2614 Tiberino
1242 2543 1416 2612 amni
1440 2539 1761 2612 miscetur.
1797 2548 1940 2637 Jam
1957 2542 2183 2611 omnia

212 2665 450 2719 contra
476 2643 776 2740 circaque
798 2642 1077 2717 hostium
1103 2643 1295 2737 plena
1315 2662 1542 2721 erant,
1586 2652 1649 2715 δι
1684 2661 1834 2711 nata
1870 2640 1936 2709 in
1974 2665 2180 2719 vanos
2254 2646 2259 2651 ’

214 2742 539 2811 tumultus
561 2766 743 2840 gem,
767 2743 932 2812 truci
953 2762 1171 2820 cantu,
1196 2737 1718 2836 clamoribusque
1757 2738 1948 2808 variis
1982 2782 2001 2818 ‚
2024 2739 2181 2817 hor-
2206 2779 2215 2789 ·

214 2840 430 2912 rendo
451 2844 683 2911 cuneta
698 2841 1194 2937 compleverant
1219 2837 1406 2911 sono,
1464 2839 1564 2910 lbi
1602 2838 1846 2909 tribuni
1869 2839 2174 2916 militum,
2197 2834 2283 2924 38

210 2964 356 3010 non
380 2941 535 3010 loco
562 2939 782 3011 castris
807 2962 956 3009 ante
979 2959 1174 3033 capto
1202 2995 1217 3019 ,
1244 2964 1379 3009 non
1402 2938 1791 3034 praemunito
1817 2939 2016 3018 vanc,
2041 2963 2179 3030 quo,

208 3061 523 3135 receptus
542 3037 693 3113 effet
719 3086 741 3121 ‚
775 3063 908 3107 non
951 3041 1253 3111 Deorum
1289 3035 1515 3109 saltem
1546 3090 1568 3123 ,
1608 3038 1649 3107 fi
1671 3061 1807 3105 non
1827 3036 2175 3111 hominum

1919 3159 2181 3206 memo-

301 3296 333 3345 b
366 3303 441 3352 Ira
462 3299 797 3365 enimimpuns
822 3301 879 3361 est
895 3312 1049 3367 gens-J
1095 3305 1167 3351 sic
1227 3305 1408 3366 entique
1452 3296 1641 3348 Mediol.
1678 3305 1793 3347 Ven.
1834 3304 1964 3347 Tarv.
1994 3298 2180 3345 Bcchar.

211 3362 369 3415 Aldus
399 3370 449 3417 ὃ(
475 3372 621 3416 luntas
648 3373 699 3417 ὃ(
729 3371 870 3415 Curio
890 3404 903 3424 ,
930 3369 1168 3434 posteaque
1234 3375 1361 3431 Mog.
1391 3370 1551 3416 Ascen.
1582 3375 1723 3416 Savet.
1752 3364 1946 3415 Ovidius
1971 3364 2027 3411 de
2041 3367 2182 3421 Aiace

209 3433 712 3487 omnese&confirmat
725 3449 821 3482 non
835 3436 1166 3487 solumssotbet.
1230 3436 1308 3483 lib.
1332 3452 1395 3495 ¹3·
1416 3444 1550 3504 Veque
1561 3449 1652 3483 erae
1663 3437 1895 3501 impatiens
1907 3436 1992 3480 ira.
2020 3437 2179 3495 Qem

203 3503 453 3551 Rhea-ani:
474 3501 547 3553 sed
573 3508 624 3553 8(
640 3503 982 3566 aliicomplutes
1005 3505 1167 3568 scripti.
1231 3504 1387 3551 locum
1430 3517 1651 3567 oportune
1692 3501 1806 3548 mibi
1849 3500 2033 3559 subjecit
2076 3502 2187 3566 Nic-¹

204 3573 269 3621 Et
284 3568 342 3618 fic
356 3573 506 3619 Livius
522 3571 601 3619 lib.
623 3586 691 3628 ²9·
707 3573 945 3619 Pleminius
959 3574 1164 3638 impotens
1235 3568 1442 3618 Heinsius
1459 3573 1641 3618 unicum
1657 3570 1859 3615 nostrum
1877 3571 1923 3617 3<
1942 3568 2182 3623 Musarum

197 3642 292 3693 ira.
311 3639 406 3686 Lib.
424 3654 493 3699 30.
528 3645 601 3688 Ex
614 3638 842 3699 inftIentiae
859 3673 873 3693 ‚
899 3640 1045 3705 quibus
1057 3657 1167 3688 nova
1229 3636 1463 3689 delicium,
1484 3638 1722 3700 Appuleius
1736 3635 1815 3684 lib.
1829 3651 1874 3693 4.
1889 3650 1995 3683 met.
2014 3639 2066 3685 ά
2082 3638 2173 3683 im-

187 3706 445 3769 somtnafit
462 3741 475 3761 ,
501 3711 755 3771 impotenter
778 3706 936 3753 luicio
963 3707 1158 3767 insanire.
1226 3707 1397 3772 patiens
1421 3707 1719 3771 indignationis
1736 3738 1749 3762 ,
1787 3707 1925 3774 capite
1962 3704 2180 3772 quaffitnn'

197 3776 268 3834 At
283 3772 487 3831 Andreas
503 3776 669 3828 Roma·
679 3768 822 3832 dedit.
836 3775 1159 3856 imfaeeirnssse-
1216 3777 1431 3841 fremens,
1566 3842 1599 3902 ε
1836 3784 1841 3791 κ
2036 3844 2070 3886 A
2106 3786 2137 3849 .'

185 3850 192 3861 '
400 3865 407 3873 ·
1615 3852 1639 3895 0
1666 3859 1695 3910 3,
1974 3852 2001 3901 ,ς
2073 3854 2189 3903 mm.
