<?xml version="1.0" encoding="UTF-8"?>
<!DOCTYPE html PUBLIC "-//W3C//DTD XHTML 1.0 Transitional//EN"
    "http://www.w3.org/TR/xhtml1/DTD/xhtml1-transitional.dtd">
<html xmlns="http://www.w3.org/1999/xhtml" xml:lang="en" lang="en">
 <head>
  <title>
</title>
<meta http-equiv="Content-Type" content="text/html;charset=utf-8" />
  <meta name='ocr-system' content='tesseract 3.04.00' />
  <meta name='ocr-capabilities' content='ocr_page ocr_carea ocr_par ocr_line ocrx_word'/>
</head>
<body>
  <div class='ocr_page' id='page_1' title='image "./titiliviihistor00grongoog_0335.png"; bbox 0 0 2593 4366; ppageno 0'>
   <div class='ocr_carea' id='block_1_1' title="bbox 192 71 2319 3051">
    <p class='ocr_par' dir='ltr' id='par_1_1' title="bbox 192 71 2191 568">
     <span class='ocr_line' id='line_1_1' title="bbox 890 71 2189 169; baseline 0 -24"><span class='ocrx_word' id='word_1_1' title='bbox 890 71 955 145; x_wconf 80' lang='lat' dir='ltr'>L·</span> <span class='ocrx_word' id='word_1_2' title='bbox 1007 92 1037 140; x_wconf 91' lang='lat'>1</span> <span class='ocrx_word' id='word_1_3' title='bbox 1092 95 1129 144; x_wconf 73' lang='lat' dir='ltr'>n</span> <span class='ocrx_word' id='word_1_4' title='bbox 1180 94 1224 145; x_wconf 74' lang='lat' dir='ltr'>u</span> <span class='ocrx_word' id='word_1_5' title='bbox 1270 93 1327 145; x_wconf 71' lang='lat' dir='ltr'>R</span> <span class='ocrx_word' id='word_1_6' title='bbox 1416 74 1585 147; x_wconf 86' lang='lat'>111.</span> <span class='ocrx_word' id='word_1_7' title='bbox 2052 79 2189 169; x_wconf 82' lang='lat'>267</span> 
     </span>
     <span class='ocr_line' id='line_1_2' title="bbox 192 167 2188 271; baseline -0.003 -20"><span class='ocrx_word' id='word_1_8' title='bbox 192 175 449 251; x_wconf 60' lang='lat' dir='ltr'>aecem</span> <span class='ocrx_word' id='word_1_9' title='bbox 466 193 752 245; x_wconf 84' lang='lat' dir='ltr'>numero</span> <span class='ocrx_word' id='word_1_10' title='bbox 767 169 1067 243; x_wconf 89' lang='lat' dir='ltr'>tribunos</span> <span class='ocrx_word' id='word_1_11' title='bbox 1090 167 1403 243; x_wconf 78' lang='lat' dir='ltr'>militares</span> <span class='ocrx_word' id='word_1_12' title='bbox 1422 192 1667 245; x_wconf 84' lang='lat' dir='ltr'>creant.</span> <span class='ocrx_word' id='word_1_13' title='bbox 1716 172 1962 271; x_wconf 83' lang='lat' dir='ltr'>Neque</span> <span class='ocrx_word' id='word_1_14' title='bbox 1979 171 2048 243; x_wconf 91' lang='lat' dir='ltr'>in</span> <span class='ocrx_word' id='word_1_15' title='bbox 2068 178 2188 245; x_wconf 76' lang='lat' dir='ltr'>Sa-</span> 
     </span>
     <span class='ocr_line' id='line_1_3' title="bbox 195 269 2191 374; baseline -0.005 -25"><span class='ocrx_word' id='word_1_16' title='bbox 195 278 378 350; x_wconf 82' lang='lat' dir='ltr'>binis</span> <span class='ocrx_word' id='word_1_17' title='bbox 395 271 658 374; x_wconf 86' lang='lat' dir='ltr'>quievit</span> <span class='ocrx_word' id='word_1_18' title='bbox 674 271 1023 344; x_wconf 81' lang='lat' dir='ltr'>exercitus.</span> <span class='ocrx_word' id='word_1_19' title='bbox 1043 269 1136 340; x_wconf 89' lang='lat' dir='ltr'>ibi</span> <span class='ocrx_word' id='word_1_20' title='bbox 1154 295 1420 370; x_wconf 89' lang='lat' dir='ltr'>quoque</span> <span class='ocrx_word' id='word_1_21' title='bbox 1439 274 1707 344; x_wconf 61' lang='lat' dir='ltr'>auctore</span> <span class='ocrx_word' id='word_1_22' title='bbox 1728 273 1918 343; x_wconf 92' lang='lat' dir='ltr'>Icilio</span> <span class='ocrx_word' id='word_1_23' title='bbox 1940 271 2191 344; x_wconf 87' lang='lat' dir='ltr'>Numi-</span> 
     </span>
     <span class='ocr_line' id='line_1_4' title="bbox 204 365 2184 474; baseline -0.003 -26"><span class='ocrx_word' id='word_1_24' title='bbox 204 377 529 474; x_wconf 88' lang='lat' dir='ltr'>torioque</span> <span class='ocrx_word' id='word_1_25' title='bbox 560 423 586 455; x_wconf 86' lang='lat'><strong>,</strong></span> <span class='ocrx_word' id='word_1_26' title='bbox 607 365 877 441; x_wconf 86' lang='lat' dir='ltr'>seceffio</span> <span class='ocrx_word' id='word_1_27' title='bbox 895 369 978 441; x_wconf 87' lang='lat' dir='ltr'>ab</span> <span class='ocrx_word' id='word_1_28' title='bbox 997 371 1386 442; x_wconf 87' lang='lat' dir='ltr'>decemviris</span> <span class='ocrx_word' id='word_1_29' title='bbox 1407 368 1576 442; x_wconf 66' lang='lat' dir='ltr'>fausta</span> <span class='ocrx_word' id='word_1_30' title='bbox 1594 369 1687 443; x_wconf 88' lang='lat' dir='ltr'>est</span> <span class='ocrx_word' id='word_1_31' title='bbox 1706 401 1727 457; x_wconf 87' lang='lat'>;</span> <span class='ocrx_word' id='word_1_32' title='bbox 1766 396 1902 442; x_wconf 92' lang='lat' dir='ltr'>non</span> <span class='ocrx_word' id='word_1_33' title='bbox 1925 371 2184 442; x_wconf 87' lang='lat' dir='ltr'>minore</span> 
     </span>
     <span class='ocr_line' id='line_1_5' title="bbox 212 469 2187 568; baseline -0.004 -19"><span class='ocrx_word' id='word_1_34' title='bbox 212 498 405 549; x_wconf 85' lang='lat' dir='ltr'>motu</span> <span class='ocrx_word' id='word_1_35' title='bbox 419 472 804 544; x_wconf 87' lang='lat' dir='ltr'>animorum</span> <span class='ocrx_word' id='word_1_36' title='bbox 831 482 861 515; x_wconf 78' lang='lat'>⁸</span> <span class='ocrx_word' id='word_1_37' title='bbox 883 469 1077 542; x_wconf 89' lang='lat' dir='ltr'>Siccii</span> <span class='ocrx_word' id='word_1_38' title='bbox 1096 469 1287 541; x_wconf 79' lang='lat' dir='ltr'>caedis</span> <span class='ocrx_word' id='word_1_39' title='bbox 1306 474 1625 540; x_wconf 86' lang='lat' dir='ltr'>memoria</span> <span class='ocrx_word' id='word_1_40' title='bbox 1646 491 2187 568; x_wconf 84' lang='lat' dir='ltr'>revocata,quam</span> 
     </span>
    </p>

    <p class='ocr_par' dir='ltr' id='par_1_2' title="bbox 223 564 2319 3051">
     <span class='ocr_line' id='line_1_6' title="bbox 223 564 2188 673; baseline -0.001 -30"><span class='ocrx_word' id='word_1_41' title='bbox 223 598 427 673; x_wconf 84' lang='lat' dir='ltr'>quem</span> <span class='ocrx_word' id='word_1_42' title='bbox 444 596 618 643; x_wconf 81' lang='lat' dir='ltr'>nova</span> <span class='ocrx_word' id='word_1_43' title='bbox 654 564 828 639; x_wconf 82' lang='lat' dir='ltr'>fama</span> <span class='ocrx_word' id='word_1_44' title='bbox 861 570 944 641; x_wconf 89' lang='lat' dir='ltr'>de</span> <span class='ocrx_word' id='word_1_45' title='bbox 964 567 1269 666; x_wconf 85' lang='lat' dir='ltr'>Virginia</span> <span class='ocrx_word' id='word_1_46' title='bbox 1303 567 1470 640; x_wconf 87' lang='lat' dir='ltr'>adeo</span> <span class='ocrx_word' id='word_1_47' title='bbox 1512 565 1692 642; x_wconf 82' lang='lat' dir='ltr'>foede</span> <span class='ocrx_word' id='word_1_48' title='bbox 1724 571 1803 642; x_wconf 88' lang='lat' dir='ltr'>ad</span> <span class='ocrx_word' id='word_1_49' title='bbox 1841 569 2188 660; x_wconf 82' lang='lat' dir='ltr'>libidinem</span> 
     </span>
     <span class='ocr_line' id='line_1_7' title="bbox 230 667 2190 769; baseline -0.002 -28"><span class='ocrx_word' id='word_1_50' title='bbox 230 671 455 769; x_wconf 86' lang='lat' dir='ltr'>petita,</span> <span class='ocrx_word' id='word_1_51' title='bbox 474 668 887 742; x_wconf 83' lang='lat' dir='ltr'><strong>accenderat.</strong></span> <span class='ocrx_word' id='word_1_52' title='bbox 942 669 1163 739; x_wconf 91' lang='lat' dir='ltr'>Icilius</span> <span class='ocrx_word' id='word_1_53' title='bbox 1187 667 1301 737; x_wconf 89' lang='lat' dir='ltr'>ubi</span> <span class='ocrx_word' id='word_1_54' title='bbox 1320 668 1559 738; x_wconf 88' lang='lat' dir='ltr'>audivit</span> <span class='ocrx_word' id='word_1_55' title='bbox 1583 667 1881 739; x_wconf 86' lang='lat' dir='ltr'>tribunos</span> <span class='ocrx_word' id='word_1_56' title='bbox 1902 669 2190 739; x_wconf 86' lang='lat' dir='ltr'>militum</span> 
     </span>
     <span class='ocr_line' id='line_1_8' title="bbox 236 767 2190 864; baseline -0.002 -24"><span class='ocrx_word' id='word_1_57' title='bbox 236 772 308 840; x_wconf 89' lang='lat' dir='ltr'>in</span> <span class='ocrx_word' id='word_1_58' title='bbox 329 771 653 842; x_wconf 83' lang='lat' dir='ltr'>Aventino</span> <span class='ocrx_word' id='word_1_59' title='bbox 673 790 931 841; x_wconf 85' lang='lat' dir='ltr'>creatos</span> <span class='ocrx_word' id='word_1_60' title='bbox 955 813 976 846; x_wconf 84' lang='lat'>‚</span> <span class='ocrx_word' id='word_1_61' title='bbox 996 793 1078 840; x_wconf 86' lang='lat' dir='ltr'>ne</span> <span class='ocrx_word' id='word_1_62' title='bbox 1104 767 1531 838; x_wconf 91' lang='lat' dir='ltr'>comitiorum</span> <span class='ocrx_word' id='word_1_63' title='bbox 1550 767 1921 838; x_wconf 82' lang='lat' dir='ltr'>militarium</span> <span class='ocrx_word' id='word_1_64' title='bbox 1943 792 2190 864; x_wconf 73' lang='lat' dir='ltr'>praero-</span> 
     </span>
     <span class='ocr_line' id='line_1_9' title="bbox 295 861 2192 961; baseline 0 -23"><span class='ocrx_word' id='word_1_65' title='bbox 295 871 512 941; x_wconf 84' lang='lat' dir='ltr'>ativam</span> <span class='ocrx_word' id='word_1_66' title='bbox 550 867 803 939; x_wconf 86' lang='lat' dir='ltr'>urbana</span> <span class='ocrx_word' id='word_1_67' title='bbox 818 865 1086 938; x_wconf 83' lang='lat' dir='ltr'>comitia</span> <span class='ocrx_word' id='word_1_68' title='bbox 1117 861 1345 937; x_wconf 89' lang='lat' dir='ltr'>iisdem</span> <span class='ocrx_word' id='word_1_69' title='bbox 1367 864 1642 935; x_wconf 89' lang='lat' dir='ltr'>tribunis</span> <span class='ocrx_word' id='word_1_70' title='bbox 1664 865 1871 961; x_wconf 88' lang='lat' dir='ltr'>plebis</span> <span class='ocrx_word' id='word_1_71' title='bbox 1894 867 2192 938; x_wconf 81' lang='lat' dir='ltr'>creandis</span> 
     </span>
     <span class='ocr_line' id='line_1_10' title="bbox 243 897 2197 1067; baseline 0.001 -29"><span class='ocrx_word' id='word_1_72' title='bbox 243 897 695 1067; x_wconf 46' lang='lat' dir='ltr'>{equerentur3</span> <span class='ocrx_word' id='word_1_73' title='bbox 716 965 961 1063; x_wconf 84' lang='lat' dir='ltr'>peritus</span> <span class='ocrx_word' id='word_1_74' title='bbox 985 991 1198 1037; x_wconf 89' lang='lat' dir='ltr'>rerum</span> <span class='ocrx_word' id='word_1_75' title='bbox 1221 966 1633 1062; x_wconf 86' lang='lat' dir='ltr'>popularium</span> <span class='ocrx_word' id='word_1_76' title='bbox 1660 1019 1678 1048; x_wconf 90' lang='lat'>,</span> <span class='ocrx_word' id='word_1_77' title='bbox 1720 962 2197 1063; x_wconf 85' lang='lat' dir='ltr'>imminensque</span> 
     </span>
     <span class='ocr_line' id='line_1_11' title="bbox 252 1061 2199 1164; baseline -0.003 -25"><span class='ocrx_word' id='word_1_78' title='bbox 252 1065 646 1164; x_wconf 84' lang='lat' dir='ltr'>eipotestati,</span> <span class='ocrx_word' id='word_1_79' title='bbox 668 1075 732 1140; x_wconf 76' lang='grc' dir='ltr'>δι</span> <span class='ocrx_word' id='word_1_80' title='bbox 757 1061 891 1162; x_wconf 88' lang='lat' dir='ltr'>ipse</span> <span class='ocrx_word' id='word_1_81' title='bbox 910 1064 1291 1162; x_wconf 86' lang='lat' dir='ltr'>priusquam</span> <span class='ocrx_word' id='word_1_82' title='bbox 1314 1066 1517 1136; x_wconf 89' lang='lat' dir='ltr'>iretur</span> <span class='ocrx_word' id='word_1_83' title='bbox 1540 1065 1618 1134; x_wconf 82' lang='lat' dir='ltr'>ad</span> <span class='ocrx_word' id='word_1_84' title='bbox 1642 1064 1900 1142; x_wconf 88' lang='lat' dir='ltr'>urbem,</span> <span class='ocrx_word' id='word_1_85' title='bbox 1923 1068 2056 1159; x_wconf 86' lang='lat' dir='ltr'>pari</span> <span class='ocrx_word' id='word_1_86' title='bbox 2078 1089 2199 1161; x_wconf 88' lang='lat' dir='ltr'>po-</span> 
     </span>
     <span class='ocr_line' id='line_1_12' title="bbox 253 1159 2202 1239; baseline -0.001 -2"><span class='ocrx_word' id='word_1_87' title='bbox 253 1166 464 1238; x_wconf 87' lang='lat' dir='ltr'>testate</span> <span class='ocrx_word' id='word_1_88' title='bbox 479 1167 774 1239; x_wconf 89' lang='lat' dir='ltr'>eundem</span> <span class='ocrx_word' id='word_1_89' title='bbox 789 1189 1133 1236; x_wconf 89' lang='lat' dir='ltr'>numerum</span> <span class='ocrx_word' id='word_1_90' title='bbox 1155 1163 1236 1233; x_wconf 86' lang='lat' dir='ltr'>ab</span> <span class='ocrx_word' id='word_1_91' title='bbox 1258 1159 1380 1233; x_wconf 85' lang='lat' dir='ltr'>suis</span> <span class='ocrx_word' id='word_1_92' title='bbox 1402 1164 1754 1236; x_wconf 86' lang='lat' dir='ltr'>creandum</span> <span class='ocrx_word' id='word_1_93' title='bbox 1775 1185 1976 1233; x_wconf 84' lang='lat' dir='ltr'>curat.</span> <span class='ocrx_word' id='word_1_94' title='bbox 2000 1171 2202 1235; x_wconf 84' lang='lat' dir='ltr'>Porta</span> 
     </span>
     <span class='ocr_line' id='line_1_13' title="bbox 255 1259 2206 1361; baseline -0.001 -24"><span class='ocrx_word' id='word_1_95' title='bbox 255 1266 514 1339; x_wconf 80' lang='lat' dir='ltr'>Collina</span> <span class='ocrx_word' id='word_1_96' title='bbox 571 1262 803 1335; x_wconf 88' lang='lat' dir='ltr'>urbem</span> <span class='ocrx_word' id='word_1_97' title='bbox 841 1263 1167 1334; x_wconf 85' lang='lat' dir='ltr'>intravere</span> <span class='ocrx_word' id='word_1_98' title='bbox 1214 1259 1331 1332; x_wconf 91' lang='lat' dir='ltr'>sub</span> <span class='ocrx_word' id='word_1_99' title='bbox 1363 1260 1557 1361; x_wconf 77' lang='lat' dir='ltr'>signis</span> <span class='ocrx_word' id='word_1_100' title='bbox 1576 1308 1598 1341; x_wconf 88' lang='lat'>‚</span> <span class='ocrx_word' id='word_1_101' title='bbox 1653 1262 2001 1359; x_wconf 90' lang='lat' dir='ltr'>mediaque</span> <span class='ocrx_word' id='word_1_102' title='bbox 2043 1262 2206 1335; x_wconf 85' lang='lat' dir='ltr'>urbe</span> 
     </span>
     <span class='ocr_line' id='line_1_14' title="bbox 249 1359 2210 1464; baseline -0.002 -29"><span class='ocrx_word' id='word_1_103' title='bbox 249 1366 500 1464; x_wconf 83' lang='lat' dir='ltr'>agmine</span> <span class='ocrx_word' id='word_1_104' title='bbox 522 1364 594 1434; x_wconf 89' lang='lat' dir='ltr'>in</span> <span class='ocrx_word' id='word_1_105' title='bbox 621 1362 1026 1434; x_wconf 84' lang='lat' dir='ltr'>Aventinum</span> <span class='ocrx_word' id='word_1_106' title='bbox 1049 1362 1448 1461; x_wconf 87' lang='lat' dir='ltr'>pergunt.ibi</span> <span class='ocrx_word' id='word_1_107' title='bbox 1467 1359 2210 1454; x_wconf 66' lang='lat' dir='ltr'>conjunctialteriexer-</span> 
     </span>
     <span class='ocr_line' id='line_1_15' title="bbox 246 1461 2207 1562; baseline -0.001 -28"><span class='ocrx_word' id='word_1_108' title='bbox 246 1463 415 1536; x_wconf 89' lang='lat' dir='ltr'>citui.</span> <span class='ocrx_word' id='word_1_109' title='bbox 436 1463 672 1562; x_wconf 88' lang='lat' dir='ltr'>viginti</span> <span class='ocrx_word' id='word_1_110' title='bbox 693 1461 968 1532; x_wconf 86' lang='lat' dir='ltr'>tribunis</span> <span class='ocrx_word' id='word_1_111' title='bbox 990 1461 1272 1532; x_wconf 88' lang='lat' dir='ltr'>militum</span> <span class='ocrx_word' id='word_1_112' title='bbox 1290 1461 1639 1560; x_wconf 86' lang='lat' dir='ltr'>negotium</span> <span class='ocrx_word' id='word_1_113' title='bbox 1660 1461 1979 1532; x_wconf 89' lang='lat' dir='ltr'>dederunt</span> <span class='ocrx_word' id='word_1_114' title='bbox 1994 1505 2014 1538; x_wconf 85' lang='lat'>,</span> <span class='ocrx_word' id='word_1_115' title='bbox 2037 1482 2107 1530; x_wconf 91' lang='lat' dir='ltr'>ut</span> <span class='ocrx_word' id='word_1_116' title='bbox 2124 1484 2207 1532; x_wconf 80' lang='lat' dir='ltr'>ex</span> 
     </span>
     <span class='ocr_line' id='line_1_16' title="bbox 250 1555 2212 1657; baseline -0.002 -22"><span class='ocrx_word' id='word_1_117' title='bbox 250 1559 356 1635; x_wconf 91' lang='lat' dir='ltr'>suo</span> <span class='ocrx_word' id='word_1_118' title='bbox 379 1587 664 1633; x_wconf 89' lang='lat' dir='ltr'>numero</span> <span class='ocrx_word' id='word_1_119' title='bbox 680 1562 846 1632; x_wconf 85' lang='lat' dir='ltr'>duos</span> <span class='ocrx_word' id='word_1_120' title='bbox 864 1582 1185 1635; x_wconf 68' lang='lat' dir='ltr'>crearent,</span> <span class='ocrx_word' id='word_1_121' title='bbox 1202 1561 1316 1657; x_wconf 90' lang='lat' dir='ltr'>qui</span> <span class='ocrx_word' id='word_1_122' title='bbox 1337 1555 1597 1633; x_wconf 84' lang='lat' dir='ltr'>summae</span> <span class='ocrx_word' id='word_1_123' title='bbox 1618 1563 1831 1631; x_wconf 86' lang='lat' dir='ltr'>rerum</span> <span class='ocrx_word' id='word_1_124' title='bbox 1902 1555 2212 1632; x_wconf 73' lang='lat' dir='ltr'>raeess’ent.</span> 
     </span>
     <span class='ocr_line' id='line_1_17' title="bbox 248 1659 2210 1758; baseline -0.002 -21"><span class='ocrx_word' id='word_1_125' title='bbox 248 1666 337 1737; x_wconf 89' lang='lat' dir='ltr'>M.</span> <span class='ocrx_word' id='word_1_126' title='bbox 363 1661 706 1758; x_wconf 87' lang='lat' dir='ltr'>Oppium,</span> <span class='ocrx_word' id='word_1_127' title='bbox 744 1665 890 1732; x_wconf 81' lang='lat' dir='ltr'>Sex.</span> <span class='ocrx_word' id='word_1_128' title='bbox 917 1659 1260 1733; x_wconf 83' lang='lat' dir='ltr'>Manilium</span> <span class='ocrx_word' id='word_1_129' title='bbox 1282 1680 1525 1730; x_wconf 77' lang='lat' dir='ltr'>creant.</span> <span class='ocrx_word' id='word_1_130' title='bbox 1581 1667 1808 1732; x_wconf 87' lang='lat' dir='ltr'>Patres</span> <span class='ocrx_word' id='word_1_131' title='bbox 1872 1660 2210 1733; x_wconf 86' lang='lat' dir='ltr'>ollicitide</span> 
     </span>
     <span class='ocr_line' id='line_1_18' title="bbox 250 1755 2216 1856; baseline 0 -24"><span class='ocrx_word' id='word_1_132' title='bbox 250 1758 503 1832; x_wconf 85' lang='lat' dir='ltr'>summa</span> <span class='ocrx_word' id='word_1_133' title='bbox 524 1785 771 1837; x_wconf 88' lang='lat' dir='ltr'>rerum,</span> <span class='ocrx_word' id='word_1_134' title='bbox 792 1784 993 1856; x_wconf 89' lang='lat' dir='ltr'>quum</span> <span class='ocrx_word' id='word_1_135' title='bbox 1016 1755 1269 1831; x_wconf 84' lang='lat' dir='ltr'>senatus</span> <span class='ocrx_word' id='word_1_136' title='bbox 1289 1759 1584 1856; x_wconf 68' lang='lat' dir='ltr'>qnotidie</span> <span class='ocrx_word' id='word_1_137' title='bbox 1608 1757 1765 1831; x_wconf 82' lang='lat' dir='ltr'>elset</span> <span class='ocrx_word' id='word_1_138' title='bbox 1785 1814 1806 1841; x_wconf 91' lang='lat'>,</span> <span class='ocrx_word' id='word_1_139' title='bbox 1841 1761 1940 1851; x_wconf 88' lang='lat' dir='ltr'>jur</span> <span class='ocrx_word' id='word_1_140' title='bbox 1992 1760 2064 1830; x_wconf 91' lang='lat' dir='ltr'>iis</span> <span class='ocrx_word' id='word_1_141' title='bbox 2100 1755 2216 1832; x_wconf 82' lang='lat' dir='ltr'>sae-</span> 
     </span>
     <span class='ocr_line' id='line_1_19' title="bbox 238 1786 2218 1958; baseline 0.002 -32"><span class='ocrx_word' id='word_1_142' title='bbox 238 1862 387 1958; x_wconf 69' lang='lat' dir='ltr'>,pius</span> <span class='ocrx_word' id='word_1_143' title='bbox 412 1880 643 1932; x_wconf 89' lang='lat' dir='ltr'>terunt</span> <span class='ocrx_word' id='word_1_144' title='bbox 665 1879 923 1954; x_wconf 88' lang='lat' dir='ltr'>tempus</span> <span class='ocrx_word' id='word_1_145' title='bbox 947 1883 1144 1955; x_wconf 89' lang='lat' dir='ltr'>quam</span> <span class='ocrx_word' id='word_1_146' title='bbox 1164 1857 1475 1930; x_wconf 85' lang='lat' dir='ltr'>confiliis.</span> <span class='ocrx_word' id='word_1_147' title='bbox 1525 1786 2218 1931; x_wconf 44' lang='lat' dir='ltr'>Sicciicaedesffiecem·</span> 
     </span>
     <span class='ocr_line' id='line_1_20' title="bbox 249 1955 2216 2053; baseline -0.001 -23"><span class='ocrx_word' id='word_1_148' title='bbox 249 1960 402 2031; x_wconf 88' lang='lat' dir='ltr'>viris</span> <span class='ocrx_word' id='word_1_149' title='bbox 424 1970 495 2040; x_wconf 73' lang='grc' dir='ltr'>δι</span> <span class='ocrx_word' id='word_1_150' title='bbox 521 1959 824 2053; x_wconf 83' lang='lat' dir='ltr'>Appiana</span> <span class='ocrx_word' id='word_1_151' title='bbox 849 1955 1154 2035; x_wconf 87' lang='lat' dir='ltr'>libido‚&amp;</span> <span class='ocrx_word' id='word_1_152' title='bbox 1175 1958 1506 2029; x_wconf 86' lang='lat' dir='ltr'>dedecora</span> <span class='ocrx_word' id='word_1_153' title='bbox 1522 1958 1767 2030; x_wconf 82' lang='lat' dir='ltr'>mili&#39;tiae</span> <span class='ocrx_word' id='word_1_154' title='bbox 1802 1957 2216 2049; x_wconf 84' lang='lat' dir='ltr'>objicieban-</span> 
     </span>
     <span class='ocr_line' id='line_1_21' title="bbox 248 2056 2213 2156; baseline -0.002 -26"><span class='ocrx_word' id='word_1_155' title='bbox 248 2078 377 2130; x_wconf 86' lang='lat' dir='ltr'>tur.</span> <span class='ocrx_word' id='word_1_156' title='bbox 443 2056 757 2133; x_wconf 83' lang='lat' dir='ltr'>Placebat</span> <span class='ocrx_word' id='word_1_157' title='bbox 790 2057 1131 2140; x_wconf 85' lang='lat' dir='ltr'>Valerium</span> <span class='ocrx_word' id='word_1_158' title='bbox 1170 2056 1664 2156; x_wconf 87' lang='lat' dir='ltr'>Horatiumque</span> <span class='ocrx_word' id='word_1_159' title='bbox 1695 2059 1788 2127; x_wconf 87' lang='lat' dir='ltr'>ire</span> <span class='ocrx_word' id='word_1_160' title='bbox 1823 2060 1889 2126; x_wconf 91' lang='lat' dir='ltr'>in</span> <span class='ocrx_word' id='word_1_161' title='bbox 1929 2058 2213 2127; x_wconf 82' lang='lat' dir='ltr'>Aventi-</span> 
     </span>
     <span class='ocr_line' id='line_1_22' title="bbox 247 2149 2212 2254; baseline -0.004 -22"><span class='ocrx_word' id='word_1_162' title='bbox 247 2183 435 2232; x_wconf 88' lang='lat' dir='ltr'>num.</span> <span class='ocrx_word' id='word_1_163' title='bbox 491 2156 593 2227; x_wconf 86' lang='lat' dir='ltr'>illi</span> <span class='ocrx_word' id='word_1_164' title='bbox 622 2153 946 2254; x_wconf 86' lang='lat' dir='ltr'>negabant</span> <span class='ocrx_word' id='word_1_165' title='bbox 962 2149 1023 2229; x_wconf 87' lang='lat' dir='ltr'>se</span> <span class='ocrx_word' id='word_1_166' title='bbox 1048 2155 1455 2229; x_wconf 78' lang='lat' dir='ltr'>aliterituros</span> <span class='ocrx_word' id='word_1_167' title='bbox 1481 2201 1500 2237; x_wconf 86' lang='lat'><strong>,</strong></span> <span class='ocrx_word' id='word_1_168' title='bbox 1533 2182 1729 2254; x_wconf 88' lang='lat' dir='ltr'>quam</span> <span class='ocrx_word' id='word_1_169' title='bbox 1773 2153 1817 2226; x_wconf 83' lang='lat' dir='ltr'>fi</span> <span class='ocrx_word' id='word_1_170' title='bbox 1849 2154 2212 2228; x_wconf 86' lang='lat' dir='ltr'>decemviri</span> 
     </span>
     <span class='ocr_line' id='line_1_23' title="bbox 245 2252 2210 2355; baseline -0.003 -25"><span class='ocrx_word' id='word_1_171' title='bbox 245 2257 666 2355; x_wconf 83' lang='lat' dir='ltr'>deponerent</span> <span class='ocrx_word' id='word_1_172' title='bbox 702 2252 971 2352; x_wconf 66' lang='lat' dir='ltr'>insignia</span> <span class='ocrx_word' id='word_1_173' title='bbox 1002 2253 1413 2354; x_wconf 85' lang='lat' dir='ltr'>magistratus</span> <span class='ocrx_word' id='word_1_174' title='bbox 1442 2258 1580 2347; x_wconf 85' lang='lat' dir='ltr'>ejus</span> <span class='ocrx_word' id='word_1_175' title='bbox 1604 2305 1625 2337; x_wconf 91' lang='lat'>‚</span> <span class='ocrx_word' id='word_1_176' title='bbox 1665 2266 1686 2294; x_wconf 82' lang='lat'>⁸</span> <span class='ocrx_word' id='word_1_177' title='bbox 1708 2280 1844 2353; x_wconf 92' lang='lat' dir='ltr'>quo</span> <span class='ocrx_word' id='word_1_178' title='bbox 1883 2280 2055 2325; x_wconf 90' lang='lat' dir='ltr'>anno</span> <span class='ocrx_word' id='word_1_179' title='bbox 2079 2259 2210 2347; x_wconf 83' lang='lat' dir='ltr'>jam</span> 
     </span>
     <span class='ocr_line' id='line_1_24' title="bbox 247 2350 2215 2452; baseline -0.004 -24"><span class='ocrx_word' id='word_1_180' title='bbox 247 2378 403 2428; x_wconf 86' lang='lat' dir='ltr'>ante</span> <span class='ocrx_word' id='word_1_181' title='bbox 424 2352 723 2426; x_wconf 77' lang='lat' dir='ltr'>abissent.</span> <span class='ocrx_word' id='word_1_182' title='bbox 776 2354 1160 2444; x_wconf 87' lang='lat' dir='ltr'>Decemviri</span> <span class='ocrx_word' id='word_1_183' title='bbox 1192 2377 1567 2452; x_wconf 90' lang='lat' dir='ltr'>querentes,</span> <span class='ocrx_word' id='word_1_184' title='bbox 1589 2350 1650 2424; x_wconf 91' lang='lat' dir='ltr'>se</span> <span class='ocrx_word' id='word_1_185' title='bbox 1690 2356 1762 2423; x_wconf 86' lang='lat' dir='ltr'>in</span> <span class='ocrx_word' id='word_1_186' title='bbox 1775 2354 2076 2424; x_wconf 89' lang='lat' dir='ltr'>ordinem</span> <span class='ocrx_word' id='word_1_187' title='bbox 2098 2378 2215 2423; x_wconf 91' lang='lat' dir='ltr'>co-</span> 
     </span>
     <span class='ocr_line' id='line_1_25' title="bbox 243 2449 2215 2559; baseline -0.002 -34"><span class='ocrx_word' id='word_1_188' title='bbox 243 2457 336 2559; x_wconf 85' lang='lat' dir='ltr'>gi,</span> <span class='ocrx_word' id='word_1_189' title='bbox 357 2481 499 2524; x_wconf 91' lang='lat' dir='ltr'>non</span> <span class='ocrx_word' id='word_1_190' title='bbox 519 2476 668 2523; x_wconf 84' lang='lat' dir='ltr'>ante</span> <span class='ocrx_word' id='word_1_191' title='bbox 690 2476 884 2549; x_wconf 89' lang='lat' dir='ltr'>quam</span> <span class='ocrx_word' id='word_1_192' title='bbox 904 2452 1167 2547; x_wconf 88' lang='lat' dir='ltr'>perlatis</span> <span class='ocrx_word' id='word_1_193' title='bbox 1189 2454 1473 2552; x_wconf 85' lang='lat' dir='ltr'>legibus,</span> <span class='ocrx_word' id='word_1_194' title='bbox 1493 2478 1767 2548; x_wconf 85' lang='lat' dir='ltr'>quarum</span> <span class='ocrx_word' id='word_1_195' title='bbox 1804 2449 1985 2523; x_wconf 82' lang='lat' dir='ltr'>causa</span> <span class='ocrx_word' id='word_1_196' title='bbox 2012 2450 2215 2522; x_wconf 88' lang='lat' dir='ltr'>creati</span> 
     </span>
     <span class='ocr_line' id='line_1_26' title="bbox 246 2546 2319 2656; baseline -0.003 -30"><span class='ocrx_word' id='word_1_197' title='bbox 246 2550 460 2626; x_wconf 81' lang='lat' dir='ltr'>effent</span> <span class='ocrx_word' id='word_1_198' title='bbox 478 2598 498 2631; x_wconf 88' lang='lat'><strong>,</strong></span> <span class='ocrx_word' id='word_1_199' title='bbox 541 2548 950 2647; x_wconf 74' lang='lat' dir='ltr'>deposituros</span> <span class='ocrx_word' id='word_1_200' title='bbox 975 2551 1323 2646; x_wconf 87' lang='lat' dir='ltr'>imperium</span> <span class='ocrx_word' id='word_1_201' title='bbox 1361 2546 1425 2620; x_wconf 93' lang='lat' dir='ltr'>se</span> <span class='ocrx_word' id='word_1_202' title='bbox 1448 2552 1731 2642; x_wconf 78' lang='lat' dir='ltr'>ajebant.</span> <span class='ocrx_word' id='word_1_203' title='bbox 1780 2558 1903 2622; x_wconf 85' lang='lat' dir='ltr'>Per</span> <span class='ocrx_word' id='word_1_204' title='bbox 1928 2556 2021 2622; x_wconf 83' lang='lat' dir='ltr'>M.</span> <span class='ocrx_word' id='word_1_205' title='bbox 2047 2551 2205 2622; x_wconf 90' lang='lat' dir='ltr'>Dui-</span> <span class='ocrx_word' id='word_1_206' title='bbox 2229 2581 2319 2656; x_wconf 75' lang='lat'>52</span> 
     </span>
     <span class='ocr_line' id='line_1_27' title="bbox 248 2641 2318 2764; baseline -0.001 -41"><span class='ocrx_word' id='word_1_207' title='bbox 248 2654 414 2723; x_wconf 89' lang='lat' dir='ltr'>lium</span> <span class='ocrx_word' id='word_1_208' title='bbox 439 2700 460 2733; x_wconf 89' lang='lat'><strong>,</strong></span> <span class='ocrx_word' id='word_1_209' title='bbox 503 2652 615 2764; x_wconf 78' lang='lat' dir='ltr'>qui</span> <span class='ocrx_word' id='word_1_210' title='bbox 651 2648 948 2720; x_wconf 87' lang='lat' dir='ltr'>tribunus</span> <span class='ocrx_word' id='word_1_211' title='bbox 975 2650 1185 2744; x_wconf 89' lang='lat' dir='ltr'>plebis</span> <span class='ocrx_word' id='word_1_212' title='bbox 1219 2641 1467 2728; x_wconf 77' lang='lat' dir='ltr'>fuerat,</span> <span class='ocrx_word' id='word_1_213' title='bbox 1500 2651 1743 2726; x_wconf 83' lang='lat' dir='ltr'>certior</span> <span class='ocrx_word' id='word_1_214' title='bbox 1784 2644 1955 2719; x_wconf 65' lang='lat' dir='ltr'>facta</span> <span class='ocrx_word' id='word_1_215' title='bbox 1993 2649 2211 2747; x_wconf 74' lang='lat' dir='ltr'>plebS,</span> <span class='ocrx_word' id='word_1_216' title='bbox 2317 2642 2318 2645; x_wconf 24' lang='lat'>¹</span> 
     </span>
     <span class='ocr_line' id='line_1_28' title="bbox 246 2746 2219 2847; baseline -0.002 -23"><span class='ocrx_word' id='word_1_217' title='bbox 246 2747 799 2824; x_wconf 79' lang='lat' dir='ltr'>contentionibus</span> <span class='ocrx_word' id='word_1_218' title='bbox 835 2746 1092 2818; x_wconf 84' lang='lat' dir='ltr'>affiduis</span> <span class='ocrx_word' id='word_1_219' title='bbox 1117 2749 1275 2819; x_wconf 90' lang='lat' dir='ltr'>nihil</span> <span class='ocrx_word' id='word_1_220' title='bbox 1318 2746 1620 2847; x_wconf 71' lang='lat' dir='ltr'>transigi,</span> <span class='ocrx_word' id='word_1_221' title='bbox 1645 2749 1710 2817; x_wconf 92' lang='lat' dir='ltr'>in</span> <span class='ocrx_word' id='word_1_222' title='bbox 1729 2753 1995 2820; x_wconf 88' lang='lat' dir='ltr'>Sacrum</span> <span class='ocrx_word' id='word_1_223' title='bbox 2019 2774 2219 2821; x_wconf 79' lang='lat' dir='ltr'>mon-</span> 
     </span>
     <span class='ocr_line' id='line_1_29' title="bbox 242 2844 2219 2944; baseline -0.003 -21"><span class='ocrx_word' id='word_1_224' title='bbox 242 2872 393 2923; x_wconf 87' lang='lat' dir='ltr'>tem</span> <span class='ocrx_word' id='word_1_225' title='bbox 426 2874 509 2920; x_wconf 83' lang='lat' dir='ltr'>ex</span> <span class='ocrx_word' id='word_1_226' title='bbox 546 2847 887 2918; x_wconf 87' lang='lat' dir='ltr'>Aventino</span> <span class='ocrx_word' id='word_1_227' title='bbox 912 2844 1169 2917; x_wconf 63' lang='lat' dir='ltr'>transita</span> <span class='ocrx_word' id='word_1_228' title='bbox 1214 2848 1574 2939; x_wconf 86' lang='lat' dir='ltr'>affirmante</span> <span class='ocrx_word' id='word_1_229' title='bbox 1598 2848 1831 2917; x_wconf 91' lang='lat' dir='ltr'>Duilio</span> <span class='ocrx_word' id='word_1_230' title='bbox 1866 2872 1999 2917; x_wconf 90' lang='lat' dir='ltr'>non</span> <span class='ocrx_word' id='word_1_231' title='bbox 2038 2848 2219 2944; x_wconf 88' lang='lat' dir='ltr'>prius</span> 
     </span>
     <span class='ocr_line' id='line_1_30' title="bbox 249 2944 2222 3051; baseline -0.002 -29"><span class='ocrx_word' id='word_1_232' title='bbox 249 2975 454 3051; x_wconf 87' lang='lat' dir='ltr'>quam</span> <span class='ocrx_word' id='word_1_233' title='bbox 493 2944 702 3020; x_wconf 82' lang='lat' dir='ltr'>deseri</span> <span class='ocrx_word' id='word_1_234' title='bbox 734 2945 964 3019; x_wconf 86' lang='lat' dir='ltr'>urbem</span> <span class='ocrx_word' id='word_1_235' title='bbox 998 2946 1260 3017; x_wconf 86' lang='lat' dir='ltr'>videant</span> <span class='ocrx_word' id='word_1_236' title='bbox 1282 2993 1305 3029; x_wconf 92' lang='lat'>,</span> <span class='ocrx_word' id='word_1_237' title='bbox 1340 2972 1559 3018; x_wconf 86' lang='lat' dir='ltr'>curam</span> <span class='ocrx_word' id='word_1_238' title='bbox 1589 2948 1657 3020; x_wconf 87' lang='lat' dir='ltr'>in</span> <span class='ocrx_word' id='word_1_239' title='bbox 1677 2947 1929 3018; x_wconf 88' lang='lat' dir='ltr'>animos</span> <span class='ocrx_word' id='word_1_240' title='bbox 1952 2956 2222 3020; x_wconf 86' lang='lat' dir='ltr'>Patrum</span> 
     </span>
    </p>
   </div>
   <div class='ocr_carea' id='block_1_2' title="bbox 1961 3042 2322 3139">
    <p class='ocr_par' dir='ltr' id='par_1_3' title="bbox 1961 3042 2322 3139">
     <span class='ocr_line' id='line_1_31' title="bbox 1961 3042 2322 3139; baseline 0.006 -20"><span class='ocrx_word' id='word_1_241' title='bbox 1961 3042 2236 3123; x_wconf 82' lang='lat' dir='ltr'>descen·</span> <span class='ocrx_word' id='word_1_242' title='bbox 2319 3132 2322 3139; x_wconf 90' lang='lat'><em>.</em></span> 
     </span>
    </p>
   </div>
   <div class='ocr_carea' id='block_1_3' title="bbox 250 3204 2240 3810">
    <p class='ocr_par' dir='ltr' id='par_1_4' title="bbox 250 3204 2234 3810">
     <span class='ocr_line' id='line_1_32' title="bbox 323 3204 2230 3282; baseline -0.003 -21"><span class='ocrx_word' id='word_1_243' title='bbox 323 3229 351 3261; x_wconf 88' lang='lat'>2</span> <span class='ocrx_word' id='word_1_244' title='bbox 382 3213 491 3282; x_wconf 78' lang='lat' dir='ltr'>Qo</span> <span class='ocrx_word' id='word_1_245' title='bbox 504 3228 612 3259; x_wconf 69' lang='lat' dir='ltr'>anno</span> <span class='ocrx_word' id='word_1_246' title='bbox 622 3210 728 3274; x_wconf 65' lang='lat' dir='ltr'>jam</span> <span class='ocrx_word' id='word_1_247' title='bbox 753 3206 851 3259; x_wconf 64' lang='lat' dir='ltr'>ant&gt;</span> <span class='ocrx_word' id='word_1_248' title='bbox 863 3209 1093 3272; x_wconf 51' lang='lat' dir='ltr'>absffintstj</span> <span class='ocrx_word' id='word_1_249' title='bbox 1128 3210 1218 3258; x_wconf 77' lang='lat' dir='ltr'>ch</span> <span class='ocrx_word' id='word_1_250' title='bbox 1276 3223 1382 3257; x_wconf 75' lang='lat' dir='ltr'>ante</span> <span class='ocrx_word' id='word_1_251' title='bbox 1395 3207 1666 3259; x_wconf 73' lang='lat' dir='ltr'>Rhenanum</span> <span class='ocrx_word' id='word_1_252' title='bbox 1677 3206 1920 3272; x_wconf 77' lang='lat' dir='ltr'>legebatur,</span> <span class='ocrx_word' id='word_1_253' title='bbox 1935 3207 1993 3258; x_wconf 78' lang='lat' dir='ltr'>lic</span> <span class='ocrx_word' id='word_1_254' title='bbox 2009 3206 2109 3258; x_wconf 77' lang='lat' dir='ltr'>Mffi</span> <span class='ocrx_word' id='word_1_255' title='bbox 2124 3204 2230 3267; x_wconf 76' lang='lat' dir='ltr'>fidi.</span> 
     </span>
     <span class='ocr_line' id='line_1_33' title="bbox 263 3274 2229 3341; baseline -0.004 -8"><span class='ocrx_word' id='word_1_256' title='bbox 263 3281 374 3333; x_wconf 73' lang='lat' dir='ltr'>alter</span> <span class='ocrx_word' id='word_1_257' title='bbox 388 3288 449 3329; x_wconf 72' lang='lat' dir='ltr'>ext</span> <span class='ocrx_word' id='word_1_258' title='bbox 466 3284 595 3327; x_wconf 81' lang='lat' dir='ltr'>locus</span> <span class='ocrx_word' id='word_1_259' title='bbox 614 3314 627 3331; x_wconf 80' lang='grc'>,</span> <span class='ocrx_word' id='word_1_260' title='bbox 656 3278 731 3341; x_wconf 88' lang='lat' dir='ltr'>qui</span> <span class='ocrx_word' id='word_1_261' title='bbox 745 3279 980 3325; x_wconf 80' lang='lat' dir='ltr'>convincit</span> <span class='ocrx_word' id='word_1_262' title='bbox 1007 3278 1121 3325; x_wconf 56' lang='lat' dir='ltr'>refle-</span> <span class='ocrx_word' id='word_1_263' title='bbox 1135 3293 1220 3324; x_wconf 82' lang='lat' dir='ltr'>nos</span> <span class='ocrx_word' id='word_1_264' title='bbox 1281 3293 1365 3341; x_wconf 78' lang='lat' dir='ltr'>nec</span> <span class='ocrx_word' id='word_1_265' title='bbox 1375 3274 1618 3325; x_wconf 81' lang='lat' dir='ltr'>debuitille</span> <span class='ocrx_word' id='word_1_266' title='bbox 1628 3278 2121 3339; x_wconf 51' lang='lat' dir='ltr'>supponet-estentona.</span> <span class='ocrx_word' id='word_1_267' title='bbox 2145 3282 2229 3326; x_wconf 81' lang='lat' dir='ltr'>Pe-</span> 
     </span>
     <span class='ocr_line' id='line_1_34' title="bbox 260 3346 2232 3408; baseline -0.003 -13"><span class='ocrx_word' id='word_1_268' title='bbox 260 3365 435 3399; x_wconf 79' lang='lat' dir='ltr'>anuum</span> <span class='ocrx_word' id='word_1_269' title='bbox 502 3364 561 3393; x_wconf 73' lang='lat' dir='ltr'>tex</span> <span class='ocrx_word' id='word_1_270' title='bbox 574 3350 688 3392; x_wconf 81' lang='lat' dir='ltr'>tium</span> <span class='ocrx_word' id='word_1_271' title='bbox 742 3348 1117 3393; x_wconf 62' lang='lat' dir='ltr'>Dect-invitorum</span> <span class='ocrx_word' id='word_1_272' title='bbox 1172 3347 1219 3390; x_wconf 86' lang='lat' dir='ltr'>in</span> <span class='ocrx_word' id='word_1_273' title='bbox 1280 3348 1453 3394; x_wconf 79' lang='lat' dir='ltr'>tronius</span> <span class='ocrx_word' id='word_1_274' title='bbox 1472 3362 1482 3390; x_wconf 80' lang='lat' dir='ltr'><strong><em>z</em></strong></span> <span class='ocrx_word' id='word_1_275' title='bbox 1500 3346 1546 3391; x_wconf 78' lang='lat' dir='ltr'>in</span> <span class='ocrx_word' id='word_1_276' title='bbox 1558 3347 1810 3392; x_wconf 70' lang='lat' dir='ltr'>memoriam</span> <span class='ocrx_word' id='word_1_277' title='bbox 1822 3361 2034 3393; x_wconf 74' lang='lat' dir='ltr'>revocatus</span> <span class='ocrx_word' id='word_1_278' title='bbox 2046 3349 2232 3408; x_wconf 67' lang='lat' dir='ltr'>injuria.</span> 
     </span>
     <span class='ocr_line' id='line_1_35' title="bbox 250 3410 2231 3477; baseline 0.002 -19"><span class='ocrx_word' id='word_1_279' title='bbox 250 3410 590 3476; x_wconf 50' lang='lat' dir='ltr'>‘Chronologia</span> <span class='ocrx_word' id='word_1_280' title='bbox 615 3412 762 3459; x_wconf 80' lang='lat' dir='ltr'>nostra</span> <span class='ocrx_word' id='word_1_281' title='bbox 789 3411 1084 3463; x_wconf 67' lang='lat' dir='ltr'>seiunxiffiab</span> <span class='ocrx_word' id='word_1_282' title='bbox 1099 3426 1221 3458; x_wconf 79' lang='lat' dir='ltr'>anno</span> <span class='ocrx_word' id='word_1_283' title='bbox 1285 3414 1435 3459; x_wconf 75' lang='lat' dir='ltr'>Livius</span> <span class='ocrx_word' id='word_1_284' title='bbox 1451 3413 1544 3458; x_wconf 76' lang='lat' dir='ltr'>Lib.</span> <span class='ocrx_word' id='word_1_285' title='bbox 1563 3429 1628 3470; x_wconf 80' lang='lat'>³3·</span> <span class='ocrx_word' id='word_1_286' title='bbox 1644 3412 1896 3477; x_wconf 60' lang='lat' dir='ltr'>necpnsim</span> <span class='ocrx_word' id='word_1_287' title='bbox 1906 3431 2098 3459; x_wconf 59' lang='lat' dir='ltr'>omnium</span> <span class='ocrx_word' id='word_1_288' title='bbox 2111 3416 2231 3462; x_wconf 73' lang='lat' dir='ltr'>mede</span> 
     </span>
     <span class='ocr_line' id='line_1_36' title="bbox 260 3477 2231 3548; baseline -0.002 -19"><span class='ocrx_word' id='word_1_289' title='bbox 260 3501 356 3548; x_wconf 82' lang='lat' dir='ltr'>quo</span> <span class='ocrx_word' id='word_1_290' title='bbox 388 3489 435 3534; x_wconf 83' lang='lat' dir='ltr'>L,</span> <span class='ocrx_word' id='word_1_291' title='bbox 458 3484 661 3529; x_wconf 71' lang='lat' dir='ltr'>Valerius</span> <span class='ocrx_word' id='word_1_292' title='bbox 688 3484 737 3531; x_wconf 75' lang='grc' dir='ltr'>ὅ(</span> <span class='ocrx_word' id='word_1_293' title='bbox 768 3488 835 3534; x_wconf 84' lang='grc' dir='ltr'>Μ.</span> <span class='ocrx_word' id='word_1_294' title='bbox 856 3482 1070 3530; x_wconf 79' lang='lat' dir='ltr'>Horatius</span> <span class='ocrx_word' id='word_1_295' title='bbox 1100 3477 1220 3531; x_wconf 74' lang='lat' dir='ltr'>Coss.</span> <span class='ocrx_word' id='word_1_296' title='bbox 1282 3478 1413 3540; x_wconf 65' lang='lat' dir='ltr'>effufit</span> <span class='ocrx_word' id='word_1_297' title='bbox 1424 3481 1580 3527; x_wconf 69' lang='lat' dir='ltr'>[nicia</span> <span class='ocrx_word' id='word_1_298' title='bbox 1593 3480 1665 3538; x_wconf 72' lang='lat' dir='ltr'>est,</span> <span class='ocrx_word' id='word_1_299' title='bbox 1685 3481 1843 3543; x_wconf 66' lang='lat' dir='ltr'>[kdper</span> <span class='ocrx_word' id='word_1_300' title='bbox 1857 3482 2010 3527; x_wconf 70' lang='lat' dir='ltr'>mulus</span> <span class='ocrx_word' id='word_1_301' title='bbox 2023 3484 2231 3547; x_wconf 64' lang='lat' dir='ltr'>diagra-</span> 
     </span>
     <span class='ocr_line' id='line_1_37' title="bbox 259 3546 2234 3611; baseline -0.005 -9"><span class='ocrx_word' id='word_1_302' title='bbox 259 3553 401 3602; x_wconf 62' lang='grc' dir='ltr'><strong>ἦκτο.</strong></span> <span class='ocrx_word' id='word_1_303' title='bbox 431 3554 645 3600; x_wconf 71' lang='lat' dir='ltr'>Clare-tn.</span> <span class='ocrx_word' id='word_1_304' title='bbox 1288 3550 1338 3593; x_wconf 65' lang='grc' dir='ltr'>τὰ</span> <span class='ocrx_word' id='word_1_305' title='bbox 1355 3550 1409 3595; x_wconf 70' lang='lat'>6·</span> <span class='ocrx_word' id='word_1_306' title='bbox 1421 3548 1742 3611; x_wconf 70' lang='lat' dir='ltr'>cogitationibus</span> <span class='ocrx_word' id='word_1_307' title='bbox 1769 3546 2085 3606; x_wconf 63' lang='lat' dir='ltr'>&amp;stratonibus</span> <span class='ocrx_word' id='word_1_308' title='bbox 2108 3567 2234 3598; x_wconf 72' lang='lat' dir='ltr'>revo-</span> 
     </span>
     <span class='ocr_line' id='line_1_38' title="bbox 250 3610 2234 3687; baseline 0.001 -25"><span class='ocrx_word' id='word_1_309' title='bbox 250 3680 253 3687; x_wconf 89' lang='lat'><em>.</em></span> <span class='ocrx_word' id='word_1_310' title='bbox 459 3635 501 3676; x_wconf 72' lang='grc' dir='ltr'>ς</span> <span class='ocrx_word' id='word_1_311' title='bbox 545 3642 582 3677; x_wconf 71' lang='lat' dir='ltr'>R</span> <span class='ocrx_word' id='word_1_312' title='bbox 627 3641 658 3671; x_wconf 87' lang='lat'>0</span> <span class='ocrx_word' id='word_1_313' title='bbox 702 3636 735 3669; x_wconf 68' lang='grc' dir='ltr'><strong>η</strong></span> <span class='ocrx_word' id='word_1_314' title='bbox 779 3637 812 3668; x_wconf 81' lang='lat'><strong>0</strong></span> <span class='ocrx_word' id='word_1_315' title='bbox 850 3635 886 3669; x_wconf 87' lang='lat' dir='ltr'>v</span> <span class='ocrx_word' id='word_1_316' title='bbox 929 3636 945 3668; x_wconf 76' lang='grc' dir='ltr'><strong><em>ι</em></strong></span> <span class='ocrx_word' id='word_1_317' title='bbox 996 3637 1038 3669; x_wconf 78' lang='lat'>1.</span> <span class='ocrx_word' id='word_1_318' title='bbox 1288 3628 1402 3660; x_wconf 73' lang='lat' dir='ltr'>cata.</span> <span class='ocrx_word' id='word_1_319' title='bbox 1419 3610 1608 3667; x_wconf 73' lang='lat' dir='ltr'>Adde,1i</span> <span class='ocrx_word' id='word_1_320' title='bbox 1625 3616 1845 3669; x_wconf 76' lang='lat' dir='ltr'>tantiest,</span> <span class='ocrx_word' id='word_1_321' title='bbox 1876 3631 1974 3678; x_wconf 80' lang='lat' dir='ltr'>qua:</span> <span class='ocrx_word' id='word_1_322' title='bbox 1987 3613 2044 3665; x_wconf 79' lang='lat' dir='ltr'>ad</span> <span class='ocrx_word' id='word_1_323' title='bbox 2058 3623 2234 3669; x_wconf 67' lang='lat' dir='ltr'>Senecae</span> 
     </span>
     <span class='ocr_line' id='line_1_39' title="bbox 252 3678 2217 3810; baseline -0.01 -49"><span class='ocrx_word' id='word_1_324' title='bbox 252 3693 263 3737; x_wconf 58' lang='grc' dir='ltr'><em>Ὺ</em></span> <span class='ocrx_word' id='word_1_325' title='bbox 323 3721 356 3761; x_wconf 80' lang='lat' dir='ltr'>a</span> <span class='ocrx_word' id='word_1_326' title='bbox 386 3704 530 3759; x_wconf 60' lang='grc' dir='ltr'>εικῆ</span> <span class='ocrx_word' id='word_1_327' title='bbox 550 3701 664 3769; x_wconf 51' lang='grc' dir='ltr'><strong><em>«αι’.</em></strong></span> <span class='ocrx_word' id='word_1_328' title='bbox 678 3698 1133 3765; x_wconf 46' lang='lat' dir='ltr'>mauruntum-2</span> <span class='ocrx_word' id='word_1_329' title='bbox 1156 3693 1228 3744; x_wconf 69' lang='lat' dir='ltr'>sic</span> <span class='ocrx_word' id='word_1_330' title='bbox 1293 3678 1574 3741; x_wconf 62' lang='lat' dir='ltr'>Benefitm,</span> <span class='ocrx_word' id='word_1_331' title='bbox 1595 3695 1611 3728; x_wconf 73' lang='grc' dir='ltr'><strong><em>ι</em></strong></span> <span class='ocrx_word' id='word_1_332' title='bbox 1624 3695 1661 3735; x_wconf 73' lang='lat'>1·</span> <span class='ocrx_word' id='word_1_333' title='bbox 1678 3683 1952 3739; x_wconf 69' lang='lat' dir='ltr'>notavhuus·</span> <span class='ocrx_word' id='word_1_334' title='bbox 2072 3757 2106 3810; x_wconf 59' lang='lat' dir='ltr'><strong>b</strong></span> <span class='ocrx_word' id='word_1_335' title='bbox 2139 3760 2176 3808; x_wconf 59' lang='lat' dir='ltr'><em>s</em></span> <span class='ocrx_word' id='word_1_336' title='bbox 2205 3756 2217 3768; x_wconf 93' lang='lat'><strong>.</strong></span> 
     </span>
    </p>

    <p class='ocr_par' dir='ltr' id='par_1_5' title="bbox 1086 3766 2240 3805">
     <span class='ocr_line' id='line_1_40' title="bbox 1086 3766 2240 3805; baseline 0.009 -30"><span class='ocrx_word' id='word_1_337' title='bbox 1086 3766 1095 3775; x_wconf 89' lang='lat'><em>.</em></span> <span class='ocrx_word' id='word_1_338' title='bbox 2176 3772 2240 3805; x_wconf 68' lang='lat'>“-</span> 
     </span>
    </p>
   </div>
  </div>
 </body>
</html>
