2593 4366
374 114 411 177 ι’
472 133 509 180 2
1044 111 1139 181 T.
1233 111 1292 180 L
1349 128 1378 177 1
1434 132 1476 179 v
1529 127 1558 176 1
1618 127 1651 177 1

371 131 546 284 (gres,
568 223 633 276 ut
658 206 824 279 Fabio
840 209 1055 276 nomine
1071 205 1145 300 est
1166 207 1420 298 dignum,
1443 206 1737 297 pugnando
1743 207 1923 297 potius
1938 225 2113 297 quam
2127 208 2344 280 adher..

290 389 303 398 ‚
376 306 547 387 ,undo
565 308 930 376 accendamus
967 308 1227 374 militum
1246 308 1483 375 animos.
1534 307 1636 400 Sic
1677 306 1744 375 in
1784 306 2066 401 primum
2090 305 2340 382 infestis

346 403 580 480 'hastis
609 408 962 503 provolant
984 406 1113 475 duo
1136 404 1357 483 Fabii,
1378 425 1724 501 totamque
1745 430 2097 483 moverunt
2119 404 2342 484 secum

269 521 315 598 4
332 505 615 589 7aciem.
673 504 908 578 Praelio
930 529 1008 575 ex
1034 525 1216 600 parte
1236 529 1363 573 una
1387 501 1681 577 restituto
1706 547 1725 580 ‚
1767 503 1974 574 nihilo
1996 502 2249 605 segnius
2271 509 2340 579 in

383 604 592 673 altero
627 627 829 673 cornu
869 606 999 673 Cn.
1017 604 1303 674 Manlius
1341 597 1563 671 consul
1586 625 1872 699 pugnam
1908 604 2148 676 ciebat.
2203 608 2342 680 ubi

378 725 591 798 prope
615 698 835 772 similis
862 696 1123 772 fortuna
1140 698 1234 772 est
1260 696 1531 770 versata.
1581 725 1732 772 nam
1768 723 1837 773 ut
1859 704 2072 773 altero
2092 704 2159 774 in
2187 732 2342 776 cor-

380 824 471 876 nu
506 800 938 895 QFabium,
984 799 1066 872 sic
1097 801 1166 873 in
1198 799 1326 875 hoc
1363 795 1569 895 ipsum
1615 793 1949 871 consulem
1987 804 2336 887 Manlium,

377 897 515 992 jam
540 900 717 972 velut
732 894 901 971 fusos
920 922 1224 999 agentem
1244 898 1488 979 hostes,
1507 907 1570 972 δι
1593 896 1870 995 impigre
1894 898 2134 972 milites
2159 898 2341 976 secu-.

384 991 624 1077 risum,
647 1007 710 1072 &
734 1019 803 1070 ut
830 999 943 1071 ille
966 999 1150 1096 gravi
1175 999 1448 1069 vulnere
1467 998 1633 1068 istus
1656 1022 1735 1068 ex
1759 997 1895 1072 acie
1910 996 2118 1079 cellit,
2135 1001 2344 1074 inter-

382 1092 634 1168 fectum
653 1099 800 1177 rati,
817 1098 1090 1194 gradum
1116 1097 1417 1171 retulere.
1431 1091 1876 1192 cessiss'entque
1902 1095 2077 1178 loco,
2097 1100 2159 1169 ni
2179 1126 2345 1172 con-

377 1192 480 1285 ‚sul
498 1195 661 1267 alter
681 1221 826 1267 cum
848 1198 1099 1294 aliquot
1131 1195 1360 1265 turmis
1382 1195 1678 1295 equitum
1718 1195 1782 1264 in
1804 1219 1950 1265 eam
1968 1219 2219 1292 partem
2248 1201 2347 1271 ci-

376 1315 531 1369 ,tato
548 1319 724 1393 equo
743 1295 1050 1372 ειάνεᾶιις
1072 1341 1094 1374 ,
1114 1295 1335 1367 vivere
1369 1292 1705 1366 clamitans
1750 1296 2078 1393 collegam
2100 1341 2121 1376 ‚
2160 1292 2225 1369 se
2250 1299 2347 1367 vi..

393 1396 648 1466 &orem
668 1389 809 1464 fuso
831 1395 1041 1465 altero
1065 1417 1270 1468 cornu
1306 1388 1512 1464 adesse
1536 1437 1555 1471 ,
1596 1417 1735 1464 rem
1757 1393 2132 1468 inclinatam
2158 1391 2345 1468 susti-

374 1485 643 1578 fnuiffet.
697 1493 980 1565 Manlius
1002 1518 1271 1592 quoque
1288 1492 1365 1563 ad
1402 1488 1863 1563 restituendam
1900 1492 2106 1564 aciem
2123 1488 2188 1564 se
2206 1491 2342 1591 ipse

390 1615 618 1662 coram
654 1586 873 1662 offert.
927 1594 1227 1666 Duorum
1275 1587 1613 1661 consulum
1647 1590 1916 1693 cognita
1946 1616 2064 1661 ora
2108 1587 2345 1668 accen-‘-

391 1688 557 1764 dunt
571 1690 848 1762 militum
877 1690 1151 1760 animos.
1211 1687 1392 1759 fimul
1415 1700 1476 1763 δι
1500 1689 1730 1763 vanior
1752 1715 1878 1782 jam
1897 1712 2033 1760 erat
2054 1688 2342 1765 hostium

389 1787 590 1866 acies,
611 1781 794 1866 dum,
819 1785 1188 1862 abundante
1212 1787 1629 1859 multitudine
1651 1786 1839 1866 freti,
1856 1786 2178 1860 subtracta
2197 1788 2348 1880 suh-

394 1883 573 1965 sidia‚
595 1886 863 1956 mittunt
884 1891 961 1957 ad
985 1888 1186 1958 castra
1208 1886 1668 1985 oppugnanda.
1715 1888 1782 1956 in
1815 1897 1966 1984 quae’
1994 1886 2166 1961 haud
2208 1912 2344 1960 ma-

389 2010 529 2083 gno
553 1986 907 2064 certamine
926 1986 1174 2082 impetu
1197 1981 1374 2058 facto
1398 2031 1420 2066 ‚
1457 1985 1610 2055 dum
1647 1986 1875 2083 praedae
1915 1986 2120 2085 magis
2142 2013 2340 2086 quam

391 2109 624 2181 pugnae
650 2108 979 2154 memores
1018 2107 1306 2155 tercrent
1330 2107 1625 2180 tempus;
1665 2085 1868 2154 triarii
1891 2087 2202 2165 Romani,
2225 2086 2339 2186 qui

387 2186 663 2281 primam
687 2182 1119 2280 irruptionem
1143 2180 1445 2254 sustinere
1468 2180 1973 2281 non'potuerant
1989 2229 2010 2262 ,
2031 2186 2230 2257 miffis
2256 2185 2339 2258 ad

385 2279 681 2354 consules
705 2283 953 2353 nunciis
977 2309 1110 2380 quo
1135 2285 1288 2354 loco
1310 2309 1410 2354 res
1428 2279 1655 2364 ess‘ent,
1675 2283 2061 2381 conglobati
2078 2285 2154 2354 ad
2175 2310 2339 2381 prae-

386 2381 630 2450 torium
650 2381 950 2460 redeunt,
976 2394 1037 2455 &
1067 2379 1170 2452 sua
1196 2380 1425 2479 sponte
1443 2382 1862 2478 proeliumipli
1883 2405 2202 2454 renovant
2227 2412 2243 2451 t
2269 2392 2341 2465 δι

384 2480 671 2553 Manlius
689 2477 906 2563 consul
936 2484 1230 2561 reveftus
1249 2483 1313 2554 in
1337 2483 1538 2561 castra
1559 2527 1579 2560 ‚
1622 2482 1700 2552 ad
1720 2506 1953 2551 omnes
1973 2503 2196 2579 portas
2217 2482 2343 2551 mi-

383 2580 500 2649 lite
520 2578 872 2683 opposrtm
910 2579 1203 2651 hostibus
1249 2582 1420 2652 viam
1438 2576 1776 2652 clauserat.
1839 2583 1933 2650 Ea
1970 2577 2339 2679 desperatio

378 2676 618 2749 Tuscis
651 2678 910 2748 -rabiem
952 2680 1157 2778 magis
1193 2706 1389 2777 quam
1431 2679 1759 2757 audaciam
1803 2680 2118 2753 accendit.
2185 2706 2337 2752 nam

380 2802 587 2875 quum
610 2774 1005 2847 incursantes
1042 2803 1432 2881 quacunque
1467 2781 1715 2849 exitum
1754 2777 2131 2849 ostenderet
2166 2775 2338 2876 speS,

382 2885 555 2944 Vano
575 2875 917 2974 aliquoties
954 2877 1206 2973 impetu
1227 2873 1446 2961 iffent3
1482 2876 2047 2974 globusjuvenum
2073 2901 2233 2997 ‘¹22³
2266 2880 2336 2955 in

376 2971 586 3071 ipsum
604 2971 938 3046 consulem
959 2975 1277 3076 inlignem
1300 2976 1494 3045 armis
1514 2974 1788 3045 invadit.
1824 2973 2037 3045 Prima
2056 2974 2350 3072 excepi-'a⁴

383 3073 420 3143 ὲ
448 3071 1010 3144 circumstantibus
1034 3079 1185 3147 tela.
1206 3072 1492 3147 sustineri
1512 3073 1745 3146 deinde
1766 3074 1858 3142 vis
1881 3074 2344 3173 nequit.Con-

379 3170 473 3245 sul
492 3169 840 3244 mortifero
867 3175 1133 3247 vulnere
1163 3175 1330 3247 istus
1348 3174 1518 3248 cadit
1540 3222 1562 3255 ,
1595 3169 1842 3269 fusique
1862 3172 2035 3243 circa
2072 3199 2338 3246 omnes-

374 3268 617 3343 ·Tuscis
640 3270 865 3344 crescit
887 3272 1169 3343 audacia.
1206 3277 1553 3344 Romanos
1579 3295 1795 3343 terror
1825 3297 1939 3369 per
1959 3293 2099 3343 tota
2131 3272 2339 3345 castra

377 3370 674 3466 trepidos
699 3373 851 3471 agit.
875 3379 941 3445 δε
960 3371 1039 3447 ad
1057 3396 1353 3447 extrema
1371 3396 1638 3444 ventum
1662 3367 1837 3442 foret
1865 3428 1882 3454 ,
1924 3374 1989 3442 ni
2007 3374 2210 3471 legati
2234 3398 2338 3443 ra-

381 3489 499 3570 pto
527 3468 805 3541 consulis
837 3495 1117 3567 corpore
1149 3468 1591 3568 patefecissent
1630 3495 1751 3540 una
1788 3494 1977 3567 porta
2033 3470 2335 3543 hostibus

366 3566 581 3637 viam.
623 3571 715 3639 Ea
736 3592 1108 3665 erumpunt,
1131 3568 1549 3642 consternato
1606 3596 1682 3641 uc
1708 3572 1969 3668 agmine
1988 3571 2337 3652 abeunteS,

378 3664 449 3739 in
477 3667 792 3741 vietorem
808 3671 1086 3742 alterum
1105 3669 1402 3742 incidunt
1424 3597 1785 3741 conilulem.
1819 3670 1915 3743 ibi
1943 3670 2184 3743 iterum
2205 3696 2341 3741 cae-

2242 3767 2322 3849 fi,
