2593 4366
340 113 476 210 '19²
1010 118 1106 189 Τ.
1201 119 1259 188 L
1311 141 1340 190 1
1389 142 1431 188 v
1485 124 1515 188 i
1565 135 1596 187 1

347 241 488 287 rem
509 212 784 298 senatuS,
809 212 1290 314 majestatisque
1312 218 1638 289 vindicem
1668 211 1815 294 suae,
1837 216 1914 289 ad
1938 240 2172 341 omnes
2192 219 2315 292 tri-

347 314 648 384 bunicios
702 312 1125 412 plebeiosque
1174 316 1549 449 oppositam
1613 318 1929 386 tumultus
1953 363 1974 393 ‚
2035 318 2311 391 modum

347 413 657 483 duntaxat
677 415 740 482 in
763 418 1119 484 certamine
1140 414 1688 512 egreliiim‚objici
1706 417 1880 486 iratae
1898 415 2095 511 plebi.
2121 423 2310 488 Unus

352 511 389 582 ὲ
410 514 704 584 Patribus
726 559 746 590 ,
766 510 898 609 ipse
926 520 1058 609 Ap.
1083 514 1398 583 Claudius
1419 570 1434 594 ,
1459 523 1520 586 &
1547 514 1844 582 tribunos
1868 527 1930 588 &
1954 515 2215 611 plebem
2242 527 2311 591 δι

348 608 529 680 suum
549 612 853 703 judicium
877 638 997 707 pro
1018 612 1224 681 nihilo
1249 612 1561 682 habebat.
1580 614 1777 681 Illum
1799 639 1936 683 non
1960 615 2148 684 minae
2170 617 2312 709 ple-
2385 639 2392 644 ·

354 708 454 778 bis
475 757 494 788 ,
537 735 672 779 non
710 707 964 780 senatus
1010 736 1237 805 preces
1277 715 1642 807 perpellere
1681 736 1965 808 unquam
2006 712 2313 809 pctuC‘re,

346 833 485 897 non
510 809 714 878 modo
751 833 818 878 ut
844 808 1087 881 vestem
1132 834 1414 880 mutaret
1434 855 1455 888 ‚
1501 835 1609 880 aut
1646 808 1910 906 supplex
1974 809 2308 908 prensaret

346 902 651 978 homines
673 937 693 993 3
736 904 843 979 sed
867 935 947 980 ne
969 927 1037 979 ut
1059 935 1137 979 ex
1176 905 1484 980 consueta
1506 909 1772 1006 quidem
1791 906 2132 1006 asperitate
2155 937 2309 981 ora-

345 1006 545 1076 tionis
573 1022 801 1106 (quum
824 1009 899 1079 ad
917 1010 1232 1105 populum
1253 1009 1504 1105 agenda
1523 1005 1728 1078 cauffa
1745 1005 1926 1091 effer)
1950 1011 2191 1106 aliquid
2215 1012 2315 1082 le-

344 1106 514 1177 niret
533 1130 728 1205 atque
748 1103 1181 1178 submitteret.
1231 1110 1416 1177 Idem
1439 1106 1698 1177 habitus
1715 1107 1873 1184 oris,
1886 1108 2116 1177 eadem
2138 1133 2302 1180 con-

344 1209 628 1278 tumacia
649 1208 716 1276 in
739 1209 945 1284 vultu,
963 1207 1133 1277 idem
1156 1207 1221 1275 in
1245 1206 1545 1276 oratione
1569 1202 1822 1301 spiritus
1848 1229 2023 1275 erat:
2050 1207 2215 1277 adeo
2236 1217 2309 1279 ut

347 1330 587 1405 magna
630 1332 773 1402 pars
828 1307 1038 1402 plebis
1075 1306 1365 1403 Appium
1402 1330 1536 1374 non
1573 1306 1778 1374 minus
1812 1329 1991 1375 reum
2020 1305 2313 1387 timeret*

404 1432 545 1475 uam
581 1403 918 1476 consulem
956 1409 1287 1474 timuerat.
1336 1406 1555 1476 Semel
1608 1400 1878 1474 cauffam
1922 1404 2084 1475 dixit
2107 1451 2126 1482 ,
2174 1430 2310 1502 quo

350 1432 607 1601 semper
642 1531 835 1603 agere
873 1505 1095 1576 omnia
1133 1501 1356 1574 solitus
1394 1526 1574 1582 erat,
1627 1499 2027 1573 accusatorio
2064 1501 2306 1599 spiritu.-

352 1605 653 1701 adeoque
685 1602 1046 1674 constantia
1080 1602 1185 1672 sua
1209 1613 1273 1675 δι
1301 1602 1601 1672 tribunos
1622 1600 2138 1698 obstupefecit&
2169 1605 2313 1699 ple-

353 1700 533 1782 bem,
557 1679 815 1773 ut'diem
838 1702 952 1842 ipsi
971 1699 1075 1771 sua
1096 1704 1433 1772 voluntate
1455 1687 1907 1799 prodicerent&
1933 1700 2100 1800 trahi
2124 1704 2311 1772 dein-

350 1799 435 1870 de
454 1826 589 1871 rem
613 1799 1118 1871 linerent.Haud
1137 1808 1222 1870 ita
1241 1803 1517 1876 multum
1538 1802 1800 1870 interim
1821 1803 2138 1896 temporis
2166 1797 2312 1873 fuiti

346 1921 501 1978 ante
521 1922 740 1968 tamen
761 1924 955 1996 quam
981 1901 1278 1996 prodiRa
1302 1900 1437 1969 dies
1465 1898 1990 1981 veniret‚morbo
2013 1901 2313 1971 moritum

250 2072 257 2080 ,
349 2005 531 2090 cujus
574 1999 1014 2068 laudationem
1046 2025 1193 2068 cum
1232 1998 1475 2067 tribuni
1502 1999 1708 2094 plebis
1748 1997 2067 2094 impedire
2108 2023 2314 2067 cona-

351 2120 614 2179 rentur-3
654 2096 838 2193 plebs
859 2094 1137 2167 fraudari
1162 2093 1414 2167 solenni
1452 2098 1707 2167 honore
1740 2094 2108 2194 supremum
2131 2097 2311 2168 diem

351 2199 515 2265 tanti
541 2199 658 2266 viri
680 2197 890 2266 noluit
910 2225 926 2266 ε
946 2208 1007 2271 &
1027 2198 1465 2268 laudationem
1489 2220 1621 2268 tam
1640 2198 1838 2295 :equis
1861 2196 2113 2266 auribus
2131 2223 2315 2269 mor-

280 2340 295 2353 α
352 2295 447 2364 tui
487 2297 768 2375 audivit,
807 2322 1001 2394 quam
1042 2298 1173 2366 vivi
1200 2293 1678 2366 accusationem
1703 2299 2022 2393 audiverat:
2060 2305 2122 2367 &
2156 2320 2317 2366 exe·

243 2401 335 2466 62
402 2395 531 2463 uias
557 2390 859 2493 frequens
898 2394 1277 2466 celebravit.
1329 2397 1592 2466 Eodem
1623 2421 1794 2465 anno
1828 2396 2127 2465 Valerius
2148 2412 2314 2463 con·-

352 2422 472 2570 Pul,
493 2520 641 2565 cum
658 2496 1034 2565 exercituin
1056 2500 1291 2592 AEqnos
1314 2491 1648 2590 profeitus
1679 2494 1698 2576 ‚'
1720 2520 1918 2592 quum
1938 2492 2190 2564 hostem
2227 2484 2309 2564 ad

353 2593 647 2690 praelium
666 2596 897 2665 elicere
920 2620 1051 2664 non
1077 2590 1283 2691 posset
1305 2648 1322 2673 ,
1355 2591 1554 2664 castra
1591 2618 1973 2691 oppugnare
1990 2590 2084 2663 est
2121 2592 2316 2662 ador-

350 2715 483 2763 tus.
536 2693 881 2766 Prohibuit
904 2689 1083 2764 foeda
1106 2691 1488 2788 tempestas,
1513 2719 1658 2764 cum
1683 2694 1999 2791 grandine
2037 2717 2107 2761 ac
2132 2692 2312 2762 toni-

348 2791 557 2862 tribus
585 2794 765 2863 coelo
787 2793 1062 2883 dejeeta.
1092 2792 1620 2865 Admirationem
1640 2791 1875 2861 deinde
1898 2793 2097 2868 auxit,
2117 2789 2308 2888 signo·

348 2895 644 2988 receptui
663 2893 818 2960 dato
839 2892 1003 2961 adeo
1022 2892 1371 2989 tranquilla
1391 2888 1693 2960 serenitas
1719 2890 2006 2958 reddita:
2033 2911 2101 2956 ut
2130 2892 2315 2959 velut

352 2992 618 3061 numine
643 2992 865 3087 aliquo
884 2987 1142 3061 defensa
1163 2988 1364 3059 castra
1380 3014 1758 3086 oppugnare
1779 2989 2013 3059 iterum
2034 3030 2052 3064 ‚
2071 2988 2308 3085 religio

352 3086 570 3161 fuerit.
622 3090 839 3157 omnis
861 3088 952 3156 ira
977 3091 1135 3160 belli
1157 3091 1231 3158 ad
1252 3089 1744 3184 populationem
1771 3088 1905 3183 agri
1929 3086 2144 3156 vertit.
2177 3088 2310 3156 Al·-

352 3209 455 3261 ter
477 3185 703 3258 consul
725 3188 1009 3261 AEmilius
1031 3192 1097 3261 in
1115 3188 1366 3262 Sabinis
1390 3187 1636 3258 bellum
1654 3185 1869 3286 gessit.
1927 3194 1991 3261 &
2017 3185 2134 3264 ibi,
2156 3186 2313 3283 quia

2103 3284 2308 3357 hostis

353 3465 490 3514 milio
505 3461 627 3513 idem
642 3464 820 3513 fatetur.
852 3462 995 3515 Porro
1010 3460 1067 3512 de
1082 3464 1210 3528 Appii
1227 3465 1296 3521 iu·
1320 3476 1330 3535 χ
1354 3481 1412 3514 co
1435 3463 1491 3515 ab
1508 3466 1691 3527 optimo
1719 3474 1900 3530 quoque
1914 3468 2016 3512 viro
2039 3499 2050 3520 ,
2082 3478 2137 3510 ne
2155 3459 2262 3512 dum
2278 3461 2310 3513 εὶ

351 3528 480 3579 dicio
494 3537 668 3581 causam
681 3535 977 3582 accusationis
989 3535 1182 3588 omittit,
1199 3547 1294 3581 rem
1354 3534 1509 3583 C.Cali
1516 3535 1615 3597 gula
1643 3535 1902 3582 monstroso
1916 3531 2097 3597 quidem
2116 3533 2199 3579 illo
2217 3537 2314 3579 lm-

351 3596 471 3661 apud
497 3598 771 3660 Dionylium
798 3601 1017 3663 eleganter
1040 3616 1093 3648 ac
1116 3603 1298 3661 copiose
1325 3578 1329 3622 Ι
1353 3617 1574 3665 peratore.
1592 3616 1686 3657 non
1701 3617 1850 3653 tamen
1863 3603 2041 3667 prorsus
2056 3602 2311 3660 nuliiusjua

351 3666 649 3727 explic-aranu
680 3684 728 3715 ut
755 3665 1124 3716 haudinnmexito
1156 3669 1290 3730 negli-
1355 3667 1479 3717 dicii.
1498 3674 1707 3720 Clarenna
2055 3670 2063 3679 ²

349 3736 513 3800 gentiae
524 3749 657 3799 queat
669 3738 861 3787 accusati
891 3738 1043 3787 Livius
1056 3737 1147 3785 hoe
1162 3738 1212 3784 in
1223 3735 1295 3785 lo-

2067 3812 2107 3872 st
2136 3806 2185 3851 T.
2203 3800 2296 3850 ruz·
