2593 4366
932 205 1375 290 ῐιιιιι
1463 211 1662 310 Ῑνμ
2100 222 2240 319 385

636 333 781 412 gnae
805 305 945 383 fuit.
995 319 1251 386 Artena
1285 314 1436 387 inde
1479 312 1881 392 Volscorum
1908 318 2263 418 oppidum-

597 414 655 486 is
691 408 992 496 obsideri,
1008 435 1252 510 coepta.
1285 414 1436 485 inde
1459 413 1631 487 inter
1645 417 2062 514 eruptionem
2083 442 2233 492 ten-

246 531 460 582 tatam
501 504 848 607 compulso
878 509 946 581 in
980 512 1211 583 urbem
1231 510 1421 582 hoste
1442 556 1463 592 ‚
1494 515 1749 586 occasio
1772 515 1924 587 data
1956 515 2050 590 est
2072 521 2224 591 Ro-

248 614 465 684 manis
480 607 907 706 irrumpendi,
921 631 1287 709 praeterque
1307 635 1526 684 arcem
1547 635 1779 686 caetera
1794 635 2003 712 capta.
2027 616 2094 687 in
2115 642 2222 689 ar-

249 733 408 781 cem
443 711 759 782 munitam
791 729 1019 780 natura
1041 709 1283 810 globus
1307 731 1707 784 armatorum
1730 712 2065 787 conceffit.
2099 720 2220 789 In-

243 802 358 881 fra
379 833 589 881 arcem
621 806 762 880 caesl
789 808 1092 907 captique
1122 809 1313 880 multi
1332 813 1672 882 mortales.
1704 836 1812 882 arx
1831 813 2064 887 deinde
2082 813 2214 887 ob·-

246 907 605 979 fidebatur=
630 932 751 979 nec
772 928 881 977 aut
898 907 962 978 vi
984 910 1127 1006 capi
1146 928 1451 1005 poterat,
1486 909 1638 1007 quia
1672 934 1793 1006 pro
1828 907 2038 1008 spatio
2071 913 2208 985 loci

246 1003 408 1078 satis
438 1005 1042 1105 praefidiihabebat3
1067 1029 1173 1078 aut
1192 1003 1371 1105 spem
1397 1007 1596 1078 dabat
1611 1008 1990 1092 deditionis,
2021 1014 2231 1088 omni.

251 1105 524 1203 publico
556 1103 891 1178 frumento
921 1103 1289 1207 priusquam
1326 1104 1480 1177 urbs
1515 1128 1880 1205 caperetur,
1900 1108 1967 1178 in
1986 1133 2203 1183 arcem

246 1208 604 1278 εοηνεὲὶο.
654 1205 981 1302 taedioque
1010 1204 1316 1278 recess'um
1350 1206 1503 1278 inde
1537 1202 1754 1287 foret,
1778 1207 1845 1278 ni
1866 1203 2084 1279 servus
2102 1232 2237 1280 arm

240 1328 391 1377 cem
412 1306 736 1378 Romanis
755 1300 1157 1403 prodidiffet.
1193 1305 1277 1375 ab
1312 1329 1397 1376 eo
1429 1305 1672 1378 milites
1790 1332 1821 1382 r
1842 1307 2066 1378 locum
2105 1332 2211 1379 ar·

243 1391 448 1476 duum
469 1404 752 1502 accepti,
768 1415 1025 1502 cepere.-
1045 1403 1081 1475 a
1105 1403 1342 1501 quibus
1378 1429 1579 1502 quum
1599 1330 1904 1477 cusl'gdes
1922 1406 2212 1479 trucida-

242 1525 500 1585 rentur,
517 1526 751 1578 caetera
772 1504 1128 1575 multitudo
1149 1504 1495 1599 repentino
1523 1529 1769 1600 pavore
1793 1501 2115 1602 oppreffa,
2130 1505 2204 1579 in

241 1603 654 1676 deditionem
674 1602 878 1677 venit.
928 1603 1166 1674 Diruta
1194 1611 1259 1676 δι
1283 1626 1428 1674 arce
1450 1611 1515 1678 δι
1538 1601 1700 1674 urbe
1718 1606 1992 1684 Artena,
2013 1604 2210 1676 redu-

246 1709 372 1780 &ae
409 1706 704 1806 legiones
735 1729 815 1775 ex
837 1697 1103 1776 Volscis
1128 1731 1151 1789 ·,
1180 1697 1406 1773 omnis
1444 1725 1524 1772 ue
1546 1702 1641 1773 vis
1665 1704 1974 1776 Romana
1990 1702 2205 1777 Veios
2236 1785 2241 1788 ,

243 1802 566 1880 conversa
581 1802 698 1876 est.
749 1800 1110 1882 Proditori,
1131 1802 1426 1900 praeterli
1477 1821 1753 1872 ertatem
1771 1846 1794 1881 ,
1813 1801 2084 1873 duarum
2104 1797 2206 1873 fa-

247 1907 578 1980 miliarum
590 1901 768 1973 bona
782 1903 850 1973 in
868 1901 1207 1999 praemium
1228 1901 1399 1971 data.
1428 1900 1690 1973 Servius
1712 1902 2055 1974 Romanus
2078 1927 2205 1974 vo·-

237 2007 501 2079 citatus.
526 2010 710 2084 Sunt,
736 2001 849 2100 qui
873 2008 1193 2073 Artenam
1217 1999 1622 2079 Veientium,
1638 2023 1774 2070 non
1796 1996 2201 2074 Volscorum

245 2100 430 2177 fuiss'e
451 2104 744 2176 credant.
797 2101 1052 2176 Praebet
1068 2124 1390 2178 errorem,
1410 2100 1587 2199 quod
1608 2094 1896 2195 ejusdem
1914 2100 2199 2171 nominis

246 2206 405 2277 urbs
428 2205 601 2277 inter
639 2203 828 2274 Caere
865 2222 1062 2300 atque
1099 2200 1313 2281 Veios
1338 2195 1495 2270 fuit:
1525 2196 1805 2279 sedxeam
1830 2223 2027 2298 ,reges
2050 2203 2204 2271 Ro-

247 2306 429 2379 mani
465 2305 812 2381 delevere,
867 2302 1340 2396 Caeretumque
1377 2323 1515 2368 non
1554 2297 1926 2368 Veientium
1966 2294 2198 2368 fuerat.

247 2407 487 2479 Altera
526 2400 661 2475 haec
701 2399 970 2472 nomine
1002 2398 1243 2472 eodem
1278 2397 1347 2469 in
1376 2391 1633 2470 Volsco
1665 2419 1828 2495 agro
1850 2391 2199 2495 fuit,cuju⁸

244 2505 578 2579 excidium
596 2498 690 2575 est
704 2500 979 2573 dictum.

1950 3094 2204 3221 ἘΜ-
