2593 4366
401 50 546 141 786
1099 40 1192 113 T.
1286 36 1349 119 L'
1399 63 1428 111 ι
1478 59 1525 111 v
1577 62 1608 111 t
1662 48 1705 126 ¹(

418 146 611 220 stium
650 143 944 217 exercitu
981 140 1272 238 peditum
1311 137 1749 239 quadraginta
1794 134 2002 210 millia
2035 158 2478 238 trecentos}

425 244 720 343 triginta,
740 245 1036 343 equitum
1058 236 1163 312 sex
1185 239 1607 319 millia‚mille
1626 264 1735 310 car
1784 261 2091 311 entorum
2112 237 2451 344 scripse-

434 370 504 416 re
527 342 738 415 fuiss'e:
766 342 1012 414 scilicet
1031 366 1177 413 cum
1198 338 1502 419 Umbris,
1518 265 1911 437 Tusciquue3
1926 365 2095 438 quos
2115 351 2188 417 ἃ
2213 342 2440 443 ipsos

434 470 669 542 pugnae
685 439 948 514 affuisse.
969 451 1033 515 &
1055 463 1125 509 ut
1147 440 1611 511 Romanorum
1634 463 1907 538 quoque
1930 464 2272 541 augerent
2297 472 2440 518 co-

436 544 574 642 pias
600 594 620 625 ,
660 548 741 613 L.
781 539 1223 616 Volumnium
1260 533 1655 637 proconsule
1693 541 1935 612 ducem
1973 540 2433 628 consulibus,

435 641 931 741 exercitumque
966 642 1108 734 ejus
1129 637 1504 738 legionibus
1538 635 1882 710 consulum
1918 640 2282 735 adjiciunt.
2332 651 2427 718 In

435 742 727 841 pluribus
752 740 1091 811 annalibus
1125 739 1406 811 duorum
1424 762 1500 808 ea
1519 733 1860 811 consulum
1885 743 2161 839 propria
2178 745 2430 820 vieto-

435 842 527 912 ria
543 840 662 913 est.
713 840 1115 914 Volumnius
1134 838 1200 908 in
1222 838 1490 911 Samnio
1506 838 1769 911 interim
1791 864 1894 911 res
1914 842 2118 938 gerit,
2138 845 2421 917 Samni-

435 941 736 1039 tiumque
757 941 1119 1012 exercitum
1157 939 1223 1008 in
1239 933 1598 1011 Tifernum
1622 959 1925 1010 montem
1945 942 2415 1040 compulsum,

436 1065 577 1110 non
596 1041 948 1112 deterritus
972 1039 1318 1136 iniquitate
1335 1036 1494 1119 loci,
1516 1033 1731 1110 fundit
1750 1032 2096 1138 fugatque.
2153 1046 2411 1141 QF27-

436 1137 580 1211 bius
598 1141 904 1212 Deciano
921 1139 1215 1211 exercitu
1234 1138 1469 1209 relisto
1494 1137 1561 1209 in
1575 1133 1994 1218 Etruria‚suis
2013 1141 2391 1240 legionibus

436 1239 733 1313 deduffis
764 1240 843 1310 ad
882 1238 1112 1311 urbem
1133 1283 1155 1318 ‚
1177 1238 1276 1309 nde
1296 1237 1515 1309 Gallis
1539 1233 1842 1310 Etruscis
1881 1251 1960 1309 ue
1988 1266 2062 1311 ac
2075 1239 2380 1311 Samniti-

440 1337 562 1410 bus
581 1336 1289 1434 triumphavit.milites
1311 1335 1829 1436 triumphantem
1869 1341 2045 1409 ecuti
2065 1337 2220 1411 sunt.
2238 1342 2379 1411 Ce-

437 1437 692 1510 lebrata
723 1438 1075 1510 inconditis
1124 1435 1523 1516 carminibus
1558 1435 1952 1509 militaribus
1992 1463 2138 1511 non
2168 1439 2371 1538 magis

436 1538 714 1609 vietoria
736 1538 1243 1637 QFabii‚quam
1267 1560 1449 1607 mors
1472 1536 1783 1635 praeclara
1806 1538 1879 1607 P.
1897 1539 2094 1610 Decii
2113 1536 2208 1610 est
2223 1568 2243 1609 ·.
2260 1563 2380 1610 ex-

436 1637 768 1737 citataque
793 1640 1121 1709 memoria
1161 1634 1448 1734 parentis
1471 1692 1490 1720 ‚
1531 1646 1549 1688 ³
1572 1658 1825 1734 aequata
1842 1659 2090 1708 eventu
2113 1637 2386 1734 publico

432 1738 828 1835 privatoque
845 1737 964 1809 filii
987 1735 1309 1808 laudibus,
1361 1738 1540 1806 Data
1559 1760 1641 1806 ex
1662 1736 1880 1833 praeda
1900 1736 2227 1808 militibus
2247 1738 2395 1830 aeris

433 1837 752 1934 octogeni
772 1837 936 1920 bini,
957 1833 1236 1935 sagaque
1257 1844 1324 1910 ὅ(
1347 1834 1604 1921 tunicae;
1623 1834 1884 1932 praemia
1897 1836 2009 1906 illa
2028 1836 2405 1932 tempesta-

346 1955 502 2026 31te
524 1936 772 2005 militiae
792 1935 1306 2032 haudquaquam.
1318 1929 1707 2028 spernenda.
1752 1934 1873 2005 His
1910 1935 1998 2005 ita
2024 1933 2222 2004 rebus
2249 1960 2398 2035 ge-

433 2033 544 2106 stis
571 2077 593 2112 ,
629 2034 838 2103 necin
861 2032 1262 2106 Samnitibus
1282 2032 1494 2106 adhuc
1531 2058 1655 2106 nec
1691 2033 1759 2105 in
1778 2033 2029 2104 Etruria
2047 2057 2174 2129 pax
2204 2032 2411 2108 erat.'

436 2158 587 2208 nam
606 2143 670 2209 &
695 2131 1012 2207 Perusinis
1050 2132 1426 2204 auditoribus
1451 2129 1597 2232 post
1632 2133 1968 2207 dedustum
1991 2129 2075 2202 ab
2097 2131 2398 2208 consule

434 2235 797 2307 exercitum
822 2232 1212 2306 rebellatum
1229 2228 1435 2305 fuerat
1457 2261 1474 2304 ε
1498 2244 1564 2308 δι
1591 2233 1906 2307 Samnites
1924 2231 2301 2330 ptaedatum
2317 2235 2389 2305 in

437 2360 669 2434 agrum
693 2332 1048 2405 Vescinum
1071 2333 1629 2431 Formianumque
1648 2391 1666 2417 ,
1689 2344 1753 2409 &
1780 2354 1960 2432 parte
1979 2332 2108 2402 alia
2127 2332 2199 2403 in
2226 2348 2255 2381 ⁸
2277 2337 2388 2407 Αἰ-

435 2429 795 2515 seminum,
812 2460 953 2533 quae
974 2434 1311 2504 Vulturno
1332 2432 1633 2526 adjacent
1655 2426 1936 2516 flumini,
1953 2429 2383 2511 descendere.

440 2528 776 2606 Adversus
809 2558 927 2604 eos
970 2532 1249 2629 Appius·
1272 2532 1593 2604 Claudius
1627 2555 1875 2631 praetor
1903 2558 2052 2605 cum
2091 2533 2379 2604 exercitu

437 2632 750 2705 Deciano
784 2628 1026 2702 miffus.
1079 2630 1312 2701 Fabius
1352 2632 1418 2701 in
1455 2632 1717 2704 Etruria
1754 2633 2123 2705 rebellante
2144 2632 2376 2712 denuo,

438 2754 725 2830 quatuor
739 2734 944 2802 millia
960 2739 1024 2805 &
1047 2730 1448 2828 quingentos
1465 2731 1926 2806 Perusinorum
1945 2730 2196 2804 occidit
2217 2760 2233 2801 ι
2266 2754 2368 2801 ce-

438 2832 537 2941 Bit
570 2831 651 2901 ad
687 2831 869 2902 mille
906 2829 1358 2927 septingentos
1391 2831 1862 2932 quadraginta:
1906 2834 2020 2932 qui
2061 2828 2362 2924 redempti

438 2932 673 3031 linguli
706 2933 846 3002 aeris
872 2930 1184 3002 trecentis
1220 2928 1481 3000 decem.
1525 2932 1742 3027 praeda
1774 2933 1900 3001 alia
1921 2932 2145 3003 omnis
2167 2926 2364 3002 militi-

442 3029 563 3102 bus
599 3026 920 3102 conceffa.
978 3027 1364 3101 Samnitium
1396 3028 1695 3129 legiones
1733 3055 1935 3128 quum
1976 3032 2216 3127 partim
2249 3032 2302 3099 A
2356 3076 2382 3099 .

442 3130 763 3205 Claudius
784 3152 1028 3226 praetor
1044 3181 1064 3209 ‚
1100 3128 1335 3216 partim
1354 3131 1438 3198 L.
1464 3131 1859 3202 Volumnius
1881 3126 2277 3228 proconsule
2292 3052 2396 3227 fg·-

991 3258 1002 3270 ·
2055 3250 2381 3328 quereum

503 3429 524 3470 ς
564 3416 778 3478 eAEquau
788 3406 1378 3477 eventupublicoprimeque
1442 3418 1554 3456 cene.
1574 3410 1596 3467 J
1622 3407 1693 3455 Sic
1720 3405 1931 3471 Sigonius
1941 3421 2029 3469 pro
2050 3410 2385 3470 Esemuu‘nn&

425 3482 526 3542 filii
540 3482 750 3527 laudibus.
768 3484 788 3534 ]
807 3474 1060 3541 tegendum
1078 3512 1095 3533 ,
1109 3481 1291 3544 aquatis.
1324 3480 1379 3525 Et
1440 3478 1625 3539 adjacet.
1643 3475 1822 3531 Nostri.
1840 3471 2161 3536 ‹AEseminun
2193 3473 2384 3532 Deinde.

433 3553 681 3598 vehemens
694 3550 810 3593 ratio
823 3546 899 3592 est.
932 3549 1040 3593 Tan.
1060 3546 1207 3597 Faber.
1441 3561 1605 3610 quaque
1621 3544 1829 3593 Vulturno
1841 3544 2242 3605 adjacentflumiu'
2256 3566 2273 3594 .-
2302 3542 2385 3593 live

638 3621 676 3663 G
725 3628 761 3662 n.
805 3629 834 3658 o
875 3627 910 3659 Ν
958 3629 990 3660 ο
1030 3629 1057 3660 ν
1103 3628 1120 3662 ι
1171 3627 1210 3660 1.
1440 3611 2216 3681 nulis.‹AEscrninm›unultnrm
2228 3617 2390 3682 adjutus

488 3698 517 3731 a
554 3684 873 3745 aeserniam
890 3715 903 3737 ,
917 3699 1006 3748 qua
1024 3683 1232 3737 Vulturno
1242 3684 1373 3750 adju·
1429 3681 1630 3743 flumini.
2266 3747 2299 3797 b
2322 3744 2395 3797 m
