2593 4366
1111 121 1207 191 T.
1303 122 1362 192 L
1414 144 1442 190 1
1493 146 1536 189 v
1591 144 1618 189 1
1669 140 1700 188 1

425 221 579 292 dem
601 216 763 289 belli
785 218 1013 289 auEtor
1048 214 1202 296 effe,
1243 219 1311 288 in
1330 244 1415 290 eo
1435 217 1550 289 fibi
1567 216 1957 317 praecipuam
1980 219 2420 316 prudentiam

424 314 764 397 assumere,
787 317 966 415 quod
996 312 1328 413 utriusque
1349 319 1576 414 populi
1594 319 1758 389 vires
1781 315 2024 398 nosset,
2065 317 2415 419 sciretque

424 414 697 489 invi-sam
719 412 1024 513 profecio
1047 412 1413 511 superbiam
1442 417 1687 515 regiam
1720 416 1967 488 civibus
1985 414 2150 499 ess'e,
2184 446 2407 518 quam

421 514 591 589 ferre
613 541 693 586 ne
718 515 905 586 liberi
935 514 1202 614 quidem
1235 512 1613 611 potuissent.
1657 522 1759 586 Ita
1792 541 1994 614 quum
2019 513 2262 590 sensnm
2307 521 2404 593 ad

422 615 875 688 rebellandum
899 616 1222 711 primores
1252 613 1675 686 Gabinorum
1695 614 2034 695 incitaret,
2069 615 2201 714 ipse
2232 644 2401 692 cum

424 713 923 813 promptiffimis
953 715 1264 806 juvenum
1294 714 1656 812 praedatum
1690 736 1886 813 atque
1908 717 1974 785 in
2014 716 2408 812 expeditio-

424 812 717 893 nesiret‚
751 814 1025 886 &dietis
1066 808 1383 910 faffisque
1417 812 1727 884 omnibus
1768 815 1848 884 ad
1882 810 2240 886 fallendum
2281 818 2402 889 ina-

421 912 679 984 struc'tis
706 938 869 982 vana
887 909 1287 984 accresceret
1306 909 1504 997 fides3
1530 913 1659 982 dux
1682 912 1757 981 ad
1776 911 2080 1002 ultimum
2107 913 2267 986 beni
2286 917 2399 988 le·

419 1011 619 1111 gitur.
669 1011 771 1081 lbi
791 1038 1020 1109 quum,
1038 1008 1235 1081 inscia
1252 1011 1671 1082 multitudine
1688 1011 1846 1109 quid
1866 1034 2400 1112 ageretur‚proe-

422 1113 508 1181 lia
529 1113 911 1208 parvainter
938 1114 1227 1182 Romam
1250 1106 1520 1180 Gabios
1561 1135 1638 1181 ue
1657 1108 1893 1182 fierent
1913 1167 1932 1194 ‚
1962 1111 2199 1210 quibus
2235 1115 2396 1210 ple-

424 1235 704 1309 rumque
724 1209 989 1282 Gabina
1009 1233 1109 1279 res
1127 1204 1419 1305 superior
1437 1137 1593 1281 essc'it
1615 1237 1635 1278 z
1672 1230 1811 1280 tum
1829 1212 2127 1281 certatim
2147 1206 2396 1283 summi

422 1307 766 1408 infimique
803 1309 1222 1381 Gabinorum
1274 1315 1424 1381 Sex.
1462 1309 1899 1408 Tarquinium
1932 1309 2115 1381 dono
2152 1307 2399 1381 Defim

428 1407 546 1478 fibi
565 1405 816 1479 mifl'um
834 1409 1070 1480 ducem
1089 1408 1382 1480 credere.
1414 1408 1613 1506 Apud
1634 1409 1878 1480 milites
1895 1432 2054 1480 vero
2069 1408 2394 1481 obeundo

358 1597 359 1600 Ἴ
428 1508 721 1602 pericula
738 1533 809 1579 ac
830 1508 1114 1586 labores,
1131 1507 1374 1605 pariter
1387 1509 1672 1604 praedam
1690 1505 1995 1579 munifice
2015 1509 2390 1608 largiendo,

428 1626 612 1675 tanta
647 1606 918 1677 caritate
932 1604 1096 1685 esse,
1132 1630 1203 1677 ut
1235 1632 1370 1677 non
1391 1630 1576 1702 pater
1603 1608 2003 1705 Tarquinius
2041 1609 2393 1705 potentior

431 1706 696 1779 Romae.
717 1729 916 1802 quam
940 1704 1108 1776 filius
1129 1705 1366 1776 Gabiis
1381 1701 1563 1776 esset.
1611 1712 1846 1802 Itaque
1870 1705 2216 1805 postquam
2232 1704 2389 1777 satis

429 1802 664 1873 virium
680 1806 1033 1874 colletfftum
1053 1803 1132 1874 ad
1152 1827 1387 1875 omnes
1408 1825 1685 1874 conatus
1705 1804 1967 1875 videbat
1991 1833 2008 1875 ς
2046 1830 2183 1876 tum
2208 1804 2245 1876 ὲ
2264 1804 2395 1877 suis

429 1927 629 1972 unum
652 1898 1040 1973 sciscitatum
1063 1904 1352 1976 Romam
1371 1902 1450 1973 ad
1472 1924 1723 1999 patrem
1743 1903 1970 1980 mittit,
1989 1903 2299 2001 quidnam
2322 1902 2390 1977 se

427 1997 646 2071 facere
680 2001 884 2072 vellet
919 2006 948 2068 ἒ
1013 2001 1550 2100 quandoquidem
1594 2022 1664 2071 ut
1693 2003 1918 2071 omnia
1948 2026 2108 2071 unus
2142 2001 2385 2073 Gabiis

424 2096 636 2197 poss'et
717 2097 747 2170 ’ἰ
764 2101 876 2171 Dii
890 2097 1241 2172 dedissent-1
1276 2100 1451 2171 Huic
1473 2100 1738 2182 nuncio,
1765 2101 1917 2199 quia
1947 2102 2150 2171 credo
2172 2101 2390 2197 dubiae

383 2181 580 2272 ‘fidei
604 2200 969 2281 videbatur,
986 2199 1145 2269 nihil
1170 2225 1336 2271 voce
1357 2197 1732 2297 responsum
1752 2198 1869 2271 est.
1893 2224 2002 2270 rex
2023 2202 2198 2272 velut
2219 2201 2390 2272 deli-

424 2299 865 2381 berabunduS‚
882 2301 947 2389 in
971 2298 1236 2370 hortum
1255 2301 1488 2371 aedium
1511 2299 1735 2371 transit
1756 2344 1775 2379 ‚
1796 2294 2110 2397 sequente
2139 2301 2386 2371 nuncio

426 2397 548 2470 filii
568 2425 586 2468 z
605 2399 699 2469 ibi
721 2370 1385 2470 iffiffibhsssfl's'tacitus
1405 2445 1427 2479 ,
1451 2395 1697 2471 summa
1733 2422 2127 2496 papaverum
2166 2398 2380 2496 capita

424 2498 663 2570 dicitur
678 2498 917 2569 baculo
933 2493 1290 2569 decussiffe.
1331 2499 1816 2597 Interrogando
1833 2499 2400 2597 expetfihmdoque

426 2594 801 2692 responsum
821 2599 1093 2668 nuncius
1121 2592 1310 2668 fessus
1329 2643 1351 2676 ‚
1382 2619 1452 2668 ut
1473 2622 1541 2668 re
1573 2592 1960 2694 imperfefita
1979 2654 1996 2679 ,
2030 2598 2200 2669 redit
2242 2604 2390 2669 Ga·-

296 2704 317 2729 ‘
427 2695 599 2778 bios,
621 2722 765 2794 quae
781 2693 1203 2794 dixeritipse,
1239 2722 1518 2795 quaeque
1556 2698 1816 2776 viderit,
1843 2692 2065 2792 refert.
2119 2696 2227 2768 seu
2259 2699 2377 2777 ira,

427 2791 534 2883 seu
551 2795 732 2874 odio,
752 2792 858 2866 seu
879 2792 1174 2892 superbia
1188 2794 1375 2866 inlita
1395 2797 1691 2893 ingenio,
1714 2797 1958 2866 nullam
1974 2822 2121 2866 eum
2143 2820 2379 2868 vocem

428 2887 717 2966 emisisse.
774 2888 978 2967 Sexto
1004 2896 1112 2965 ubi
1145 2894 1305 2993 quid
1338 2897 1542 2967 vellet
1566 2921 1796 2992 parens
1818 2942 1836 2975 ‚
1873 2896 2118 2992 quidve
2154 2894 2378 2990 pracci-

429 3017 616 3090 peret
636 3039 655 3071 ‚
673 2995 886 3064 tacitis
909 2993 1320 3092 ambagibus,
1340 2994 1582 3090 patuit·,
1601 2996 1925 3091 primores
1945 2993 2381 3071 civitatiS‚cri-

427 3094 743 3165 minando
765 3094 928 3163 alios
953 3098 1121 3190 apud
1144 3095 1659 3189 populum,alios
1675 3090 1781 3163 sua
1800 3090 1975 3190 ipsos
2002 3093 2242 3164 invidia
2256 3116 2381 3188 op-
2397 3104 2538 3193 Aa}

427 3216 752 3290 portunos
785 3193 1143 3263 interemit.
1189 3193 1379 3262 multi
1410 3194 1661 3289 palam:
1693 3193 1956 3291 quidam
1979 3248 1996 3275 ,
2044 3192 2109 3261 in
2149 3192 2380 3291 quibus

432 3295 647 3362 minus
667 3288 950 3389 speciosa
971 3292 1340 3383 criminatio
1368 3312 1508 3362 erat
1531 3288 1743 3363 futura
1762 3306 1792 3370 ‚’
1824 3294 1995 3363 clam
2027 3286 2376 3365 interfeffl.

432 3392 653 3461 Paruit
682 3389 1067 3490 quibusdam
1101 3390 1480 3462 volentibus
1511 3386 1700 3493 fuga,
1738 3412 1845 3461 aut
1866 3392 1932 3460 in
1961 3391 2229 3462 exilium
2253 3392 2374 3477 affl

431 3483 614 3569 sunt,
652 3488 1144 3589 absentiumque
1175 3490 1347 3561 bona
1377 3492 1558 3583 juxta
1596 3514 1791 3589 atque
1829 3492 2370 3587 interemptorum

430 3585 632 3655 divisa
653 3585 850 3661 fuere.
904 3590 1307 3692 Largitionis
1325 3589 1477 3661 inde
1489 3591 1855 3688 praedaeque
1880 3598 1943 3664 δι
1965 3591 2203 3687 privati
2235 3590 2374 3659 dul-

429 3683 663 3757 cedine
680 3691 1061 3773 commodi,
1099 3686 1330 3762 sensus
1353 3690 1678 3787 malorum
1713 3687 2129 3787 publicorum
2163 3688 2373 3785 adimi,
2407 3760 2412 3763 .

1607 3831 1630 3851 .
2171 3787 2375 3860 donec

1602 3890 1638 3931 Ο
