2593 4366
923 74 985 145 L
1039 93 1068 143 1
1115 97 1157 146 ι
1201 95 1244 146 ε
1295 95 1349 149 lt
1417 73 1558 147 ,112
2062 98 2185 174 141

190 177 308 250 cit.
330 200 556 277 parvo
578 172 938 248 dirimente
957 174 1305 245 intervallo
1323 173 1524 262 castra
1545 171 2071 272 ponit.Prox-ima
2089 179 2184 249 in·
2207 204 2292 281 25

194 280 281 350 de
303 279 509 350 11er
531 271 780 350 Volsci
815 269 1137 346 discordia
1152 276 1463 347 Romana
1485 272 1670 356 freti,
1705 272 1749 344 {i
1768 298 1894 372 qua
1914 277 2191 347 nostur-

203 402 285 448 na
298 376 605 448 transitio
624 373 1008 472 proditiove
1040 370 1189 444 fieri
1207 373 1403 470 poffit
1427 420 1446 452 ,
1473 396 1726 445 tentant
1752 372 1980 444 castra.
2033 381 2196 447 Sen-

206 473 343 546 sere
360 477 603 574 vigiles
630 503 648 544 :
679 472 997 546 excitatus
1014 473 1369 546 exercitus:
1411 471 1594 572 ligno
1618 474 1777 545 dato
1797 470 2187 545 concursum

209 573 307 645 est
330 575 414 644 ad
429 599 629 643 arma.
688 578 792 642 Ita
824 567 1057 642 frustra
1093 571 1158 643 id
1193 571 1527 667 inceptum
1554 565 1977 645 volscis‘fuit.
2033 576 2191 646 reli-

214 699 423 771 quum
439 673 657 744 nostis
675 672 1007 770 utrimque
1025 671 1229 768 quieti
1249 670 1499 741 datum.
1541 670 1815 743 Postero
1846 673 1951 742 die
1972 674 2187 769 prima

221 773 370 842 luce
384 769 632 851 Volsci,
652 768 833 842 foffis
856 754 1151 867 repleti&
1173 771 1417 840 vallum
1438 769 1777 840 invadunt.
1800 776 2073 869 Jamque
2097 771 2184 843 ab
2218 811 2261 830 α

224 872 398 940 omni
409 878 598 970 parte
619 861 1690 967 munimentavellebantur,quum
1716 866 1933 938 consul
1954 898 2188 969 quam·
2209 916 2254 938 .-

226 966 408 1065 quam
423 970 658 1042 cunssi
677 970 985 1064 undique,
1008 977 1072 1041 &
1089 967 1240 1041 nexi
1260 990 1408 1040 ante
1424 992 1687 1049 omnes,
1705 991 1775 1038 ut
1794 965 2044 1066 signum
2071 972 2187 1042 da·-
2235 1014 2254 1028 ·

228 1091 350 1147 ret,
366 1069 793 1168 (lamachum
824 1067 1221 1165 experiendi*
1235 1069 1485 1140 animos
1527 1067 1809 1137 militum
1831 1066 2034 1138 cauffa
2069 1095 2188 1166 pa·-
2210 1102 2260 1131 ο

222 1193 473 1266 rumpet
491 1191 836 1254 moratus..
883 1163 1227 1265 postquam
1254 1165 1399 1238 satis
1428 1157 2053 1265 adparebat'ingens
2082 1194 2186 1238 ar-

219 1266 367 1350 dor,
386 1270 556 1340 dato
573 1266 843 1338 tandem
881 1266 960 1337 ad
977 1269 1453 1362 erumpendum
1478 1268 1658 1366 ligno
1677 1309 1699 1344 ‚
1737 1265 2014 1336 militem
2046 1268 2186 1336 avi-

216 1367 361 1437 dum
378 1367 766 1439 certaminis
790 1365 1058 1437 emittit.
1105 1367 1332 1438 Primo
1354 1366 1567 1438 statim
1599 1362 1853 1435 incursu
1873 1363 2032 1461 pulli
2057 1364 2185 1436 ho-

144 1489 161 1500 ·
213 1466 330 1537 stes
352 1494 369 1535 :
396 1463 841 1564 fugientibus,
861 1465 1079 1562 quoad
1101 1466 1353 1564 insequi
1369 1466 1568 1562 pedes
1590 1466 1832 1561 potuit,
1852 1485 2038 1563 terga
2055 1491 2185 1538 cae-

212 1563 306 1635 sa:
332 1591 547 1665 eques
571 1561 771 1661 usque
791 1565 868 1634 ad
891 1563 1090 1637 castra
1111 1566 1383 1661 pavidos
1401 1591 1437 1636 e
1489 1566 1563 1633 it.
1615 1589 1770 1635 mox
1787 1620 1807 1647 ,
1829 1564 1959 1660 ipsa
1979 1564 2183 1635 casira

120 1657 129 1660 ’
209 1664 593 1762 legionibus
613 1663 1000 1735 circumdatis
1024 1710 1044 1742 ‚
1064 1689 1265 1761 quum
1282 1666 1421 1738 Vol
1459 1689 1572 1735 cos
1587 1663 1737 1735 inde
1751 1664 1949 1734 etiam
1971 1688 2182 1761 pavor

210 1759 558 1860 expulisset
581 1808 605 1842 ‚
640 1784 830 1858 capta
864 1763 1268 1861 direptaque.
1319 1764 1594 1836 Postero
1636 1764 1740 1834 die
1777 1762 1854 1833 ad
1895 1759 2181 1835 Suessam

212 1863 624 1945 Pometiam,
644 1887 781 1960 quo
801 1858 1230 1960 confugerant
1248 1862 1469 1933 hostes
1492 1908 1513 1941 ,
1543 1862 1911 1961 legionibus
1935 1863 2175 1943 duciis,

212 1961 383 2031 intra
418 1985 669 2059 paucos
691 1962 828 2032 dies
858 1961 1173 2058 oppidum
1211 1962 1496 2059 capitur:
1534 1982 1792 2057 captum
1816 1962 2045 2058 praedae
2066 1961 2180 2032 da·-

216 2082 384 2129 tum.
414 2060 571 2130 inde
602 2061 861 2156 paulum
898 2083 1221 2132 recreatus
1253 2087 1456 2162 egens
1478 2062 1688 2131 miles.
1742 2056 1990 2131 Consul
2027 2083 2178 2132 cum

216 2159 732 2259 maximagloria
747 2156 852 2230 sua
875 2161 1191 2232 vistorem
1212 2162 1572 2233 exercitum
1589 2162 1880 2233 Romam
1903 2159 2174 2232 reducit.

213 2258 654 2342 decedentem
684 2261 974 2332 Romam
1009 2262 1484 2333 Ecetranorum
1522 2256 1919 2333 Volscorum
1953 2259 2183 2358 legati,

212 2359 417 2429 rebus
452 2353 574 2427 suis
596 2359 942 2437 timentes,
977 2357 1123 2454 post
1171 2360 1537 2431 Pometiam
1575 2379 1831 2453 captam
1857 2403 1878 2436 ‚
1914 2358 2179 2427 adeunt.

142 2501 151 2505 -
211 2457 348 2529 His
370 2481 451 2526 ex
475 2454 1043 2528 Senatusconsulto
1062 2457 1209 2528 data
1231 2482 1541 2556 pax,ager
1559 2457 1963 2552 ademptus.²
1986 2459 2167 2528 Con·
2192 2450 2282 2519 26

214 2551 438 2626 festim
474 2565 539 2628 &
570 2555 789 2627 Sabini
814 2560 1156 2628 Romanos
1193 2558 1613 2627 territavcre:
1643 2558 1959 2626 tumultus
1998 2555 2177 2624 enim

213 2650 343 2725 fuit
365 2655 577 2725 verius
603 2680 799 2753 quam
821 2655 1092 2726 bellum.
1144 2657 1370 2728 Nocte
1397 2658 1465 2724 in
1484 2654 1644 2726 urbe
1662 2655 2034 2724 nunciatum
2055 2651 2184 2732 est,-

212 2754 585 2825 exercitum
604 2754 912 2825 Sabinum
935 2751 1444 2852 pgaedabundum
1468 2754 1546 2824 ad
1572 2755 1896 2826 Anienem
1915 2779 2177 2825 amnem

217 2848 602 2950 pervenisse.
620 2853 712 2923 ibi
734 2853 959 2951 paffim
982 2852 1170 2949 diripi
1188 2874 1385 2952 atque
1407 2852 1665 2925 incendi
1687 2854 1893 2924 villas.
1949 2854 2175 2925 Missus

212 2955 563 3048 extemplo
597 2978 683 3022 eo
715 2979 864 3023 cum
895 2952 1203 3027 omnibus
1237 2954 1443 3050 copiis
1479 2954 1771 3050 equitum
1837 2938 2181 3023 AXPostu-

217 3052 424 3131 mim,
440 3051 552 3148 qui
573 3051 858 3123 dictator
886 3052 1070 3124 bello
1105 3052 1346 3122 Latino
1382 3049 1606 3123 fixerat.
1664 3048 1913 3122 secutus
1954 3046 2181 3122 consul

214 3152 537 3225 Servilius
557 3176 706 3223 cum
723 3151 977 3224 delecta
996 3150 1290 3248 peditum
1312 3177 1526 3223 manu.
1580 3140 1934 3249 Plerosque
1955 3150 2186 3243 palan-

215 3272 327 3351 tes
348 3274 550 3348 eques
570 3250 1042 3322 circumvenit:
1081 3274 1201 3322 nec
1233 3250 1601 3322 advenienti
1622 3252 1913 3348 peditum
1935 3245 2185 3357 agmini

219 3348 464 3423 restitit
486 3348 936 3449 SabinalegiO.
983 3348 1146 3422 Peffi
1163 3350 1555 3422 tumitinere
1575 3371 1716 3420 tum
1754 3348 2181 3515 populatgne

1914 3470 2002 3518 no
2077 3470 2189 3515 ur-

415 3612 458 3665 G
497 3628 536 3665 x
575 3630 610 3663 o
645 3624 685 3662 n
730 3630 763 3664 ο
799 3631 833 3664 v
873 3628 895 3663 1
946 3625 989 3664 ι.
1238 3610 1935 3677 νίεαυησ.]8υΐρεᾶυωω111ἰτὸ
1951 3616 2183 3673 Romanos,

290 3708 328 3745 ι
354 3696 582 3762 confissim
598 3694 659 3746 ά
671 3694 828 3747 Sabini
851 3698 1062 3744 Romanos
1082 3701 1170 3743 m-
1239 3689 1290 3737 &
1306 3679 1445 3733 aheni
1460 3681 1617 3733 velim.
2007 3737 2042 3796 b
2074 3755 2181 3799 m
