<?xml version="1.0" encoding="UTF-8"?>
<!DOCTYPE html PUBLIC "-//W3C//DTD XHTML 1.0 Transitional//EN"
    "http://www.w3.org/TR/xhtml1/DTD/xhtml1-transitional.dtd">
<html xmlns="http://www.w3.org/1999/xhtml" xml:lang="en" lang="en">
 <head>
  <title>
</title>
<meta http-equiv="Content-Type" content="text/html;charset=utf-8" />
  <meta name='ocr-system' content='tesseract 3.04.00' />
  <meta name='ocr-capabilities' content='ocr_page ocr_carea ocr_par ocr_line ocrx_word'/>
</head>
<body>
  <div class='ocr_page' id='page_1' title='image "./titiliviihistor00grongoog_0552.png"; bbox 0 0 2593 4366; ppageno 0'>
   <div class='ocr_carea' id='block_1_1' title="bbox 317 126 2366 3166">
    <p class='ocr_par' dir='ltr' id='par_1_1' title="bbox 377 126 2366 730">
     <span class='ocr_line' id='line_1_1' title="bbox 1096 126 1735 218; baseline -0.001 -13.487"><span class='ocrx_word' id='word_1_1' title='bbox 1096 126 1192 214; x_wconf 84' lang='lat' dir='ltr'>T.</span> <span class='ocrx_word' id='word_1_2' title='bbox 1285 138 1735 218; x_wconf 69' lang='lat' dir='ltr'>Livrr&#39;</span> 
     </span>
     <span class='ocr_line' id='line_1_2' title="bbox 380 160 2348 338; baseline -0.004 -31"><span class='ocrx_word' id='word_1_3' title='bbox 380 160 1167 338; x_wconf 34' lang='lat' dir='ltr'>gsgssovdeindcreceptui</span> <span class='ocrx_word' id='word_1_4' title='bbox 1187 233 1342 304; x_wconf 88' lang='lat' dir='ltr'>dato</span> <span class='ocrx_word' id='word_1_5' title='bbox 1364 277 1385 311; x_wconf 87' lang='lat'>‚</span> <span class='ocrx_word' id='word_1_6' title='bbox 1420 257 1551 302; x_wconf 78' lang='lat' dir='ltr'>nox</span> <span class='ocrx_word' id='word_1_7' title='bbox 1574 229 1860 302; x_wconf 88' lang='lat' dir='ltr'>insecuta</span> <span class='ocrx_word' id='word_1_8' title='bbox 1885 281 1905 316; x_wconf 88' lang='lat'>,</span> <span class='ocrx_word' id='word_1_9' title='bbox 1942 230 2182 332; x_wconf 74' lang='lat' dir='ltr'>quietis</span> <span class='ocrx_word' id='word_1_10' title='bbox 2205 242 2348 324; x_wconf 74' lang='lat' dir='ltr'>Ro.</span> 
     </span>
     <span class='ocr_line' id='line_1_3' title="bbox 377 331 2346 430; baseline -0.004 -26"><span class='ocrx_word' id='word_1_11' title='bbox 377 336 627 423; x_wconf 39' lang='lat' dir='ltr'>„manis,</span> <span class='ocrx_word' id='word_1_12' title='bbox 651 331 927 430; x_wconf 82' lang='lat' dir='ltr'>perfecit</span> <span class='ocrx_word' id='word_1_13' title='bbox 948 334 1219 403; x_wconf 86' lang='lat' dir='ltr'>bellum.</span> <span class='ocrx_word' id='word_1_14' title='bbox 1242 332 1461 401; x_wconf 89' lang='lat' dir='ltr'>Latini</span> <span class='ocrx_word' id='word_1_15' title='bbox 1487 357 1765 429; x_wconf 85' lang='lat' dir='ltr'>namque</span> <span class='ocrx_word' id='word_1_16' title='bbox 1787 343 1851 405; x_wconf 90' lang='lat'>&amp;</span> <span class='ocrx_word' id='word_1_17' title='bbox 1880 337 2177 416; x_wconf 86' lang='lat' dir='ltr'>Hernici,</span> <span class='ocrx_word' id='word_1_18' title='bbox 2199 341 2346 409; x_wconf 71' lang='lat' dir='ltr'>reli..</span> 
     </span>
     <span class='ocr_line' id='line_1_4' title="bbox 391 426 2346 532; baseline 0.001 -25"><span class='ocrx_word' id='word_1_19' title='bbox 391 437 514 507; x_wconf 68' lang='lat' dir='ltr'>stis</span> <span class='ocrx_word' id='word_1_20' title='bbox 539 431 826 514; x_wconf 82' lang='lat' dir='ltr'>Volscis,</span> <span class='ocrx_word' id='word_1_21' title='bbox 851 432 1092 503; x_wconf 83' lang='lat' dir='ltr'>domos</span> <span class='ocrx_word' id='word_1_22' title='bbox 1114 427 1398 527; x_wconf 70' lang='lat' dir='ltr'>profeffi</span> <span class='ocrx_word' id='word_1_23' title='bbox 1421 426 1562 499; x_wconf 88' lang='lat' dir='ltr'>sunt</span> <span class='ocrx_word' id='word_1_24' title='bbox 1587 458 1607 514; x_wconf 83' lang='lat'>3</span> <span class='ocrx_word' id='word_1_25' title='bbox 1641 432 1826 501; x_wconf 87' lang='lat' dir='ltr'>malis</span> <span class='ocrx_word' id='word_1_26' title='bbox 1852 432 2133 504; x_wconf 79' lang='lat' dir='ltr'>consiliis</span> <span class='ocrx_word' id='word_1_27' title='bbox 2158 463 2346 532; x_wconf 86' lang='lat' dir='ltr'>pares</span> 
     </span>
     <span class='ocr_line' id='line_1_5' title="bbox 391 525 2366 628; baseline 0.001 -23"><span class='ocrx_word' id='word_1_28' title='bbox 391 535 613 628; x_wconf 79' lang='lat' dir='ltr'>adepti</span> <span class='ocrx_word' id='word_1_29' title='bbox 646 554 946 602; x_wconf 74' lang='lat' dir='ltr'>eventus·</span> <span class='ocrx_word' id='word_1_30' title='bbox 995 528 1224 602; x_wconf 79' lang='lat' dir='ltr'>Volsci</span> <span class='ocrx_word' id='word_1_31' title='bbox 1264 531 1376 598; x_wconf 90' lang='lat' dir='ltr'>ubi</span> <span class='ocrx_word' id='word_1_32' title='bbox 1413 526 1474 600; x_wconf 90' lang='lat' dir='ltr'>se</span> <span class='ocrx_word' id='word_1_33' title='bbox 1510 525 1803 600; x_wconf 89' lang='lat' dir='ltr'>desertos</span> <span class='ocrx_word' id='word_1_34' title='bbox 1847 531 1928 600; x_wconf 91' lang='lat' dir='ltr'>ab</span> <span class='ocrx_word' id='word_1_35' title='bbox 1961 533 2052 601; x_wconf 89' lang='lat' dir='ltr'>eis</span> <span class='ocrx_word' id='word_1_36' title='bbox 2098 536 2366 624; x_wconf 67' lang='lat' dir='ltr'>videre,</span> 
     </span>
     <span class='ocr_line' id='line_1_6' title="bbox 390 628 2346 730; baseline 0.002 -28"><span class='ocrx_word' id='word_1_37' title='bbox 390 647 672 730; x_wconf 85' lang='lat' dir='ltr'>quorum</span> <span class='ocrx_word' id='word_1_38' title='bbox 697 629 931 701; x_wconf 80' lang='lat' dir='ltr'>fiducia</span> <span class='ocrx_word' id='word_1_39' title='bbox 949 630 1425 700; x_wconf 87' lang='lat' dir='ltr'>rebellaverant</span> <span class='ocrx_word' id='word_1_40' title='bbox 1443 657 1462 712; x_wconf 80' lang='lat'>3</span> <span class='ocrx_word' id='word_1_41' title='bbox 1482 629 1722 710; x_wconf 70' lang='lat' dir='ltr'>reliffis</span> <span class='ocrx_word' id='word_1_42' title='bbox 1747 628 1994 711; x_wconf 76' lang='lat' dir='ltr'>castri5‚</span> <span class='ocrx_word' id='word_1_43' title='bbox 2015 635 2346 706; x_wconf 85' lang='lat' dir='ltr'>moenibus</span> 
     </span>
    </p>

    <p class='ocr_par' dir='ltr' id='par_1_2' title="bbox 339 726 2361 1520">
     <span class='ocr_line' id='line_1_7' title="bbox 339 726 2361 826; baseline 0.002 -26"><span class='ocrx_word' id='word_1_44' title='bbox 339 751 348 758; x_wconf 86' lang='grc'><strong><em>·</em></strong></span> <span class='ocrx_word' id='word_1_45' title='bbox 388 726 696 805; x_wconf 82' lang='lat' dir='ltr'>Satricise</span> <span class='ocrx_word' id='word_1_46' title='bbox 727 729 1085 799; x_wconf 86' lang='lat' dir='ltr'>includunt.</span> <span class='ocrx_word' id='word_1_47' title='bbox 1107 753 1275 826; x_wconf 89' lang='lat' dir='ltr'>quos</span> <span class='ocrx_word' id='word_1_48' title='bbox 1291 730 1506 824; x_wconf 90' lang='lat' dir='ltr'>primo</span> <span class='ocrx_word' id='word_1_49' title='bbox 1529 729 1857 798; x_wconf 79' lang='lat' dir='ltr'>Camillus</span> <span class='ocrx_word' id='word_1_50' title='bbox 1877 731 2051 799; x_wconf 88' lang='lat' dir='ltr'>vallo</span> <span class='ocrx_word' id='word_1_51' title='bbox 2068 735 2361 805; x_wconf 86' lang='lat' dir='ltr'>circum·-</span> 
     </span>
     <span class='ocr_line' id='line_1_8' title="bbox 389 826 2344 926; baseline 0.002 -25"><span class='ocrx_word' id='word_1_52' title='bbox 389 829 544 901; x_wconf 83' lang='lat' dir='ltr'>dare</span> <span class='ocrx_word' id='word_1_53' title='bbox 585 837 649 902; x_wconf 70' lang='grc' dir='ltr'>ὅτ.</span> <span class='ocrx_word' id='word_1_54' title='bbox 675 853 915 926; x_wconf 83' lang='lat' dir='ltr'>aggere</span> <span class='ocrx_word' id='word_1_55' title='bbox 960 851 1157 926; x_wconf 90' lang='lat' dir='ltr'>atque</span> <span class='ocrx_word' id='word_1_56' title='bbox 1189 826 1499 926; x_wconf 85' lang='lat' dir='ltr'>operibus</span> <span class='ocrx_word' id='word_1_57' title='bbox 1537 852 1921 925; x_wconf 81' lang='lat' dir='ltr'>oppugnare</span> <span class='ocrx_word' id='word_1_58' title='bbox 1938 827 2031 897; x_wconf 85' lang='lat' dir='ltr'>est</span> <span class='ocrx_word' id='word_1_59' title='bbox 2055 833 2344 903; x_wconf 79' lang='lat' dir='ltr'>adortus.</span> 
     </span>
     <span class='ocr_line' id='line_1_9' title="bbox 390 926 2343 1026; baseline 0.001 -28"><span class='ocrx_word' id='word_1_60' title='bbox 390 929 565 1023; x_wconf 80' lang='lat' dir='ltr'>Qae</span> <span class='ocrx_word' id='word_1_61' title='bbox 591 926 937 1026; x_wconf 83' lang='lat' dir='ltr'>postquam</span> <span class='ocrx_word' id='word_1_62' title='bbox 960 929 1136 997; x_wconf 87' lang='lat' dir='ltr'>nulla</span> <span class='ocrx_word' id='word_1_63' title='bbox 1171 928 1519 1023; x_wconf 79' lang='lat' dir='ltr'>eruptione</span> <span class='ocrx_word' id='word_1_64' title='bbox 1544 927 1845 1021; x_wconf 87' lang='lat' dir='ltr'>impediri</span> <span class='ocrx_word' id='word_1_65' title='bbox 1872 928 2091 1014; x_wconf 76' lang='lat' dir='ltr'>videt3</span> <span class='ocrx_word' id='word_1_66' title='bbox 2133 934 2343 1001; x_wconf 85' lang='lat' dir='ltr'>minus</span> 
     </span>
     <span class='ocr_line' id='line_1_10' title="bbox 389 1024 2344 1127; baseline 0.001 -30"><span class='ocrx_word' id='word_1_67' title='bbox 389 1024 517 1097; x_wconf 76' lang='lat' dir='ltr'>effe</span> <span class='ocrx_word' id='word_1_68' title='bbox 553 1026 750 1096; x_wconf 89' lang='lat' dir='ltr'>animi</span> <span class='ocrx_word' id='word_1_69' title='bbox 775 1049 947 1095; x_wconf 89' lang='lat' dir='ltr'>ratus</span> <span class='ocrx_word' id='word_1_70' title='bbox 982 1028 1047 1096; x_wconf 93' lang='lat' dir='ltr'>in</span> <span class='ocrx_word' id='word_1_71' title='bbox 1067 1026 1250 1096; x_wconf 78' lang='lat' dir='ltr'>holle</span> <span class='ocrx_word' id='word_1_72' title='bbox 1272 1070 1291 1103; x_wconf 90' lang='lat'>‚</span> <span class='ocrx_word' id='word_1_73' title='bbox 1314 1051 1508 1121; x_wconf 88' lang='lat' dir='ltr'>quam</span> <span class='ocrx_word' id='word_1_74' title='bbox 1538 1029 1688 1094; x_wconf 91' lang='lat' dir='ltr'>utin</span> <span class='ocrx_word' id='word_1_75' title='bbox 1710 1050 1795 1093; x_wconf 85' lang='lat' dir='ltr'>eo</span> <span class='ocrx_word' id='word_1_76' title='bbox 1837 1047 1970 1094; x_wconf 89' lang='lat' dir='ltr'>tam</span> <span class='ocrx_word' id='word_1_77' title='bbox 1994 1027 2189 1099; x_wconf 76' lang='lat' dir='ltr'>lenta:</span> <span class='ocrx_word' id='word_1_78' title='bbox 2213 1027 2344 1127; x_wconf 88' lang='lat' dir='ltr'>spei</span> 
     </span>
     <span class='ocr_line' id='line_1_11' title="bbox 391 1122 2344 1224; baseline 0.002 -30"><span class='ocrx_word' id='word_1_79' title='bbox 391 1126 736 1196; x_wconf 55' lang='lat' dir='ltr'>vietoriam</span> <span class='ocrx_word' id='word_1_80' title='bbox 754 1122 1194 1221; x_wconf 67' lang='lat' dir='ltr'>exspe&amp;aret;</span> <span class='ocrx_word' id='word_1_81' title='bbox 1228 1124 1614 1194; x_wconf 84' lang='lat' dir='ltr'>cohortatus</span> <span class='ocrx_word' id='word_1_82' title='bbox 1640 1124 1902 1200; x_wconf 84' lang='lat' dir='ltr'>milites,</span> <span class='ocrx_word' id='word_1_83' title='bbox 1925 1148 2005 1193; x_wconf 92' lang='lat' dir='ltr'>ne</span> <span class='ocrx_word' id='word_1_84' title='bbox 2027 1146 2344 1224; x_wconf 86' lang='lat' dir='ltr'>tanquam</span> 
     </span>
     <span class='ocr_line' id='line_1_12' title="bbox 389 1217 2345 1321; baseline 0.001 -25"><span class='ocrx_word' id='word_1_85' title='bbox 389 1225 605 1296; x_wconf 85' lang='lat' dir='ltr'>Veios</span> <span class='ocrx_word' id='word_1_86' title='bbox 639 1247 1098 1321; x_wconf 85' lang='lat' dir='ltr'>oppugnantes</span> <span class='ocrx_word' id='word_1_87' title='bbox 1132 1224 1198 1293; x_wconf 89' lang='lat' dir='ltr'>in</span> <span class='ocrx_word' id='word_1_88' title='bbox 1233 1247 1437 1316; x_wconf 89' lang='lat' dir='ltr'>opere</span> <span class='ocrx_word' id='word_1_89' title='bbox 1473 1223 1839 1320; x_wconf 79' lang='lat' dir='ltr'>longinquo</span> <span class='ocrx_word' id='word_1_90' title='bbox 1866 1217 1993 1292; x_wconf 91' lang='lat' dir='ltr'>sese</span> <span class='ocrx_word' id='word_1_91' title='bbox 2023 1244 2345 1308; x_wconf 78' lang='lat' dir='ltr'>tererent,</span> 
     </span>
     <span class='ocr_line' id='line_1_13' title="bbox 390 1321 2348 1420; baseline 0.001 -25"><span class='ocrx_word' id='word_1_92' title='bbox 390 1324 740 1395; x_wconf 62' lang='lat' dir='ltr'>vistoriam</span> <span class='ocrx_word' id='word_1_93' title='bbox 775 1323 840 1391; x_wconf 89' lang='lat' dir='ltr'>in</span> <span class='ocrx_word' id='word_1_94' title='bbox 887 1321 1183 1392; x_wconf 87' lang='lat' dir='ltr'>manibus</span> <span class='ocrx_word' id='word_1_95' title='bbox 1205 1321 1370 1407; x_wconf 78' lang='lat' dir='ltr'>else3</span> <span class='ocrx_word' id='word_1_96' title='bbox 1405 1321 1657 1420; x_wconf 85' lang='lat' dir='ltr'>ingenti</span> <span class='ocrx_word' id='word_1_97' title='bbox 1689 1321 1968 1390; x_wconf 89' lang='lat' dir='ltr'>militum</span> <span class='ocrx_word' id='word_1_98' title='bbox 2005 1325 2348 1395; x_wconf 82' lang='lat' dir='ltr'>alacritate</span> 
     </span>
     <span class='ocr_line' id='line_1_14' title="bbox 392 1417 2350 1520; baseline -0.001 -26"><span class='ocrx_word' id='word_1_99' title='bbox 392 1422 643 1494; x_wconf 85' lang='lat' dir='ltr'>moenia</span> <span class='ocrx_word' id='word_1_100' title='bbox 684 1417 1328 1520; x_wconf 82' lang='lat' dir='ltr'>undiqueaggreffus</span> <span class='ocrx_word' id='word_1_101' title='bbox 1354 1418 1558 1502; x_wconf 89' lang='lat' dir='ltr'>scalis,</span> <span class='ocrx_word' id='word_1_102' title='bbox 1587 1420 1899 1517; x_wconf 86' lang='lat' dir='ltr'>oppidum</span> <span class='ocrx_word' id='word_1_103' title='bbox 1923 1423 2114 1515; x_wconf 83' lang='lat' dir='ltr'>cepit.</span> <span class='ocrx_word' id='word_1_104' title='bbox 2166 1425 2350 1494; x_wconf 86' lang='lat' dir='ltr'>Vol-</span> 
     </span>
    </p>

    <p class='ocr_par' dir='ltr' id='par_1_3' title="bbox 317 1518 2351 3095">
     <span class='ocr_line' id='line_1_15' title="bbox 317 1518 2342 1614; baseline 0 -23"><span class='ocrx_word' id='word_1_105' title='bbox 317 1535 364 1607; x_wconf 85' lang='lat'>9</span> <span class='ocrx_word' id='word_1_106' title='bbox 394 1518 480 1591; x_wconf 90' lang='lat' dir='ltr'>sci</span> <span class='ocrx_word' id='word_1_107' title='bbox 518 1520 791 1614; x_wconf 62' lang='lat' dir='ltr'>abjetfftis</span> <span class='ocrx_word' id='word_1_108' title='bbox 826 1521 1024 1590; x_wconf 47' lang='lat' dir='ltr'>armis*</span> <span class='ocrx_word' id='word_1_109' title='bbox 1060 1518 1188 1590; x_wconf 79' lang='lat' dir='ltr'>l&#39;ese</span> <span class='ocrx_word' id='word_1_110' title='bbox 1224 1519 1632 1590; x_wconf 84' lang='lat' dir='ltr'>dediderunt.</span> <span class='ocrx_word' id='word_1_111' title='bbox 1707 1522 2039 1590; x_wconf 85' lang='lat' dir='ltr'>Caeterum</span> <span class='ocrx_word' id='word_1_112' title='bbox 2088 1521 2342 1591; x_wconf 84' lang='lat' dir='ltr'>animus</span> 
     </span>
     <span class='ocr_line' id='line_1_16' title="bbox 390 1617 2351 1713; baseline 0.001 -22"><span class='ocrx_word' id='word_1_113' title='bbox 390 1620 574 1692; x_wconf 87' lang='lat' dir='ltr'>ducis</span> <span class='ocrx_word' id='word_1_114' title='bbox 619 1619 1008 1710; x_wconf 68' lang='lat' dir='ltr'>minutiori,</span> <span class='ocrx_word' id='word_1_115' title='bbox 1051 1617 1729 1698; x_wconf 43' lang='lat' dir='ltr'>Antio‚‘imminebat.</span> <span class='ocrx_word' id='word_1_116' title='bbox 1766 1618 1828 1687; x_wconf 91' lang='lat' dir='ltr'>id</span> <span class='ocrx_word' id='word_1_117' title='bbox 1846 1623 2036 1713; x_wconf 67' lang='lat' dir='ltr'>caput</span> <span class='ocrx_word' id='word_1_118' title='bbox 2061 1618 2351 1700; x_wconf 80' lang='lat' dir='ltr'>Volsco,-</span> 
     </span>
     <span class='ocr_line' id='line_1_17' title="bbox 392 1715 2351 1816; baseline 0.001 -28"><span class='ocrx_word' id='word_1_119' title='bbox 392 1729 730 1795; x_wconf 61' lang='lat' dir='ltr'>rum&#39;5eam</span> <span class='ocrx_word' id='word_1_120' title='bbox 757 1715 933 1787; x_wconf 67' lang='lat' dir='ltr'>suiss‘e</span> <span class='ocrx_word' id='word_1_121' title='bbox 957 1718 1283 1816; x_wconf 79' lang='lat' dir='ltr'>originem</span> <span class='ocrx_word' id='word_1_122' title='bbox 1309 1716 1589 1813; x_wconf 83' lang='lat' dir='ltr'>proximi</span> <span class='ocrx_word' id='word_1_123' title='bbox 1610 1716 1790 1785; x_wconf 87' lang='lat' dir='ltr'>belli.</span> <span class='ocrx_word' id='word_1_124' title='bbox 1845 1731 1865 1773; x_wconf 88' lang='lat'>¹-</span> <span class='ocrx_word' id='word_1_125' title='bbox 1900 1717 2024 1788; x_wconf 79' lang='lat' dir='ltr'>sed</span> <span class='ocrx_word' id='word_1_126' title='bbox 2060 1719 2211 1816; x_wconf 90' lang='lat' dir='ltr'>quia</span> <span class='ocrx_word' id='word_1_127' title='bbox 2234 1718 2351 1789; x_wconf 77' lang='lat' dir='ltr'>nisi</span> 
     </span>
     <span class='ocr_line' id='line_1_18' title="bbox 391 1811 2351 1914; baseline 0.002 -31"><span class='ocrx_word' id='word_1_128' title='bbox 391 1839 641 1914; x_wconf 86' lang='lat' dir='ltr'>magno</span> <span class='ocrx_word' id='word_1_129' title='bbox 679 1837 1027 1910; x_wconf 88' lang='lat' dir='ltr'>apparatu,</span> <span class='ocrx_word' id='word_1_130' title='bbox 1072 1816 1420 1886; x_wconf 88' lang='lat' dir='ltr'>tormentis</span> <span class='ocrx_word' id='word_1_131' title='bbox 1452 1811 1929 1912; x_wconf 83' lang='lat' dir='ltr'>machinisque,</span> <span class='ocrx_word' id='word_1_132' title='bbox 1967 1838 2101 1886; x_wconf 85' lang='lat' dir='ltr'>tam</span> <span class='ocrx_word' id='word_1_133' title='bbox 2138 1820 2351 1888; x_wconf 85' lang='lat' dir='ltr'>valida.</span> 
     </span>
     <span class='ocr_line' id='line_1_19' title="bbox 391 1913 2348 2014; baseline 0.001 -31"><span class='ocrx_word' id='word_1_134' title='bbox 391 1913 547 1983; x_wconf 87' lang='lat' dir='ltr'>urbs</span> <span class='ocrx_word' id='word_1_135' title='bbox 584 1915 728 2009; x_wconf 88' lang='lat' dir='ltr'>capi</span> <span class='ocrx_word' id='word_1_136' title='bbox 774 1939 910 1982; x_wconf 87' lang='lat' dir='ltr'>nou</span> <span class='ocrx_word' id='word_1_137' title='bbox 949 1936 1242 2008; x_wconf 89' lang='lat' dir='ltr'>poterat;</span> <span class='ocrx_word' id='word_1_138' title='bbox 1289 1915 1522 1982; x_wconf 62' lang='lat' dir='ltr'>reliao</span> <span class='ocrx_word' id='word_1_139' title='bbox 1560 1915 1637 1981; x_wconf 90' lang='lat' dir='ltr'>ad</span> <span class='ocrx_word' id='word_1_140' title='bbox 1668 1914 2024 1984; x_wconf 84' lang='lat' dir='ltr'>exercitum</span> <span class='ocrx_word' id='word_1_141' title='bbox 2064 1918 2348 2014; x_wconf 82' lang='lat' dir='ltr'>collega,</span> 
     </span>
     <span class='ocr_line' id='line_1_20' title="bbox 390 2008 2350 2108; baseline 0.002 -29"><span class='ocrx_word' id='word_1_142' title='bbox 390 2015 681 2086; x_wconf 87' lang='lat' dir='ltr'>Romam</span> <span class='ocrx_word' id='word_1_143' title='bbox 701 2009 795 2083; x_wconf 86' lang='lat' dir='ltr'>est</span> <span class='ocrx_word' id='word_1_144' title='bbox 819 2009 1153 2108; x_wconf 63' lang='lat' dir='ltr'>profestus</span> <span class='ocrx_word' id='word_1_145' title='bbox 1177 2056 1195 2091; x_wconf 86' lang='lat'>,</span> <span class='ocrx_word' id='word_1_146' title='bbox 1231 2035 1300 2080; x_wconf 90' lang='lat' dir='ltr'>ut</span> <span class='ocrx_word' id='word_1_147' title='bbox 1325 2008 1614 2081; x_wconf 85' lang='lat' dir='ltr'>senatum</span> <span class='ocrx_word' id='word_1_148' title='bbox 1636 2013 1715 2081; x_wconf 90' lang='lat' dir='ltr'>ad</span> <span class='ocrx_word' id='word_1_149' title='bbox 1750 2013 2178 2084; x_wconf 85' lang='lat' dir='ltr'>excidendum</span> <span class='ocrx_word' id='word_1_150' title='bbox 2202 2021 2350 2083; x_wconf 79' lang='lat' dir='ltr'>An-</span> 
     </span>
     <span class='ocr_line' id='line_1_21' title="bbox 389 2106 2348 2203; baseline 0.001 -22"><span class='ocrx_word' id='word_1_151' title='bbox 389 2110 555 2181; x_wconf 80' lang='lat' dir='ltr'>tium</span> <span class='ocrx_word' id='word_1_152' title='bbox 573 2109 962 2180; x_wconf 85' lang='lat' dir='ltr'>hortaretur.</span> <span class='ocrx_word' id='word_1_153' title='bbox 1017 2116 1201 2180; x_wconf 91' lang='lat' dir='ltr'>lnter</span> <span class='ocrx_word' id='word_1_154' title='bbox 1220 2106 1586 2180; x_wconf 88' lang='lat' dir='ltr'>sermonem</span> <span class='ocrx_word' id='word_1_155' title='bbox 1611 2112 1749 2203; x_wconf 84' lang='lat' dir='ltr'>ejus</span> <span class='ocrx_word' id='word_1_156' title='bbox 1774 2112 2010 2202; x_wconf 88' lang='lat' dir='ltr'>(credo</span> <span class='ocrx_word' id='word_1_157' title='bbox 2039 2138 2174 2182; x_wconf 89' lang='lat' dir='ltr'>rem</span> <span class='ocrx_word' id='word_1_158' title='bbox 2206 2122 2348 2183; x_wconf 82' lang='lat' dir='ltr'>An-</span> 
     </span>
     <span class='ocr_line' id='line_1_22' title="bbox 389 2207 2345 2310; baseline -0.001 -28"><span class='ocrx_word' id='word_1_159' title='bbox 389 2210 619 2282; x_wconf 86' lang='lat' dir='ltr'>tiatem</span> <span class='ocrx_word' id='word_1_160' title='bbox 635 2210 1111 2282; x_wconf 87' lang='lat' dir='ltr'>diuturniorem</span> <span class='ocrx_word' id='word_1_161' title='bbox 1132 2233 1396 2280; x_wconf 84' lang='lat' dir='ltr'>manere</span> <span class='ocrx_word' id='word_1_162' title='bbox 1422 2210 1564 2278; x_wconf 87' lang='lat' dir='ltr'>Diis</span> <span class='ocrx_word' id='word_1_163' title='bbox 1582 2211 1768 2280; x_wconf 90' lang='lat' dir='ltr'>cordi</span> <span class='ocrx_word' id='word_1_164' title='bbox 1789 2207 2200 2310; x_wconf 75' lang='lat' dir='ltr'>fuille)legati</span> <span class='ocrx_word' id='word_1_165' title='bbox 2224 2238 2244 2266; x_wconf 78' lang='lat'>²</span> <span class='ocrx_word' id='word_1_166' title='bbox 2265 2212 2345 2281; x_wconf 83' lang='lat' dir='ltr'>ab</span> 
     </span>
     <span class='ocr_line' id='line_1_23' title="bbox 391 2305 2342 2406; baseline -0.002 -23"><span class='ocrx_word' id='word_1_167' title='bbox 391 2312 660 2403; x_wconf 88' lang='lat' dir='ltr'>Nepete</span> <span class='ocrx_word' id='word_1_168' title='bbox 697 2334 769 2378; x_wconf 91' lang='lat' dir='ltr'>ac</span> <span class='ocrx_word' id='word_1_169' title='bbox 789 2309 1009 2380; x_wconf 87' lang='lat' dir='ltr'>Sutrio</span> <span class='ocrx_word' id='word_1_170' title='bbox 1030 2310 1335 2378; x_wconf 81' lang='lat' dir='ltr'>auxilium</span> <span class='ocrx_word' id='word_1_171' title='bbox 1372 2305 1674 2378; x_wconf 73' lang='lat' dir='ltr'>adversus</span> <span class='ocrx_word' id='word_1_172' title='bbox 1697 2306 2003 2381; x_wconf 85' lang='lat' dir='ltr'>Etruscos</span> <span class='ocrx_word' id='word_1_173' title='bbox 2044 2335 2342 2406; x_wconf 87' lang='lat' dir='ltr'>petentes</span> 
     </span>
     <span class='ocr_line' id='line_1_24' title="bbox 392 2403 2347 2493; baseline 0.001 -15"><span class='ocrx_word' id='word_1_174' title='bbox 392 2410 701 2493; x_wconf 79' lang='lat' dir='ltr'>veniunt3</span> <span class='ocrx_word' id='word_1_175' title='bbox 743 2408 1013 2479; x_wconf 88' lang='lat' dir='ltr'>brevem</span> <span class='ocrx_word' id='word_1_176' title='bbox 1050 2407 1463 2478; x_wconf 74' lang='lat' dir='ltr'>occasionem</span> <span class='ocrx_word' id='word_1_177' title='bbox 1502 2403 1623 2479; x_wconf 78' lang='lat' dir='ltr'>effe</span> <span class='ocrx_word' id='word_1_178' title='bbox 1666 2403 1917 2477; x_wconf 87' lang='lat' dir='ltr'>ferendi</span> <span class='ocrx_word' id='word_1_179' title='bbox 1954 2412 2169 2479; x_wconf 85' lang='lat' dir='ltr'>auxilii</span> <span class='ocrx_word' id='word_1_180' title='bbox 2206 2435 2347 2481; x_wconf 88' lang='lat' dir='ltr'>me—</span> 
     </span>
     <span class='ocr_line' id='line_1_25' title="bbox 390 2502 2341 2587; baseline -0.003 -7"><span class='ocrx_word' id='word_1_181' title='bbox 390 2529 749 2580; x_wconf 84' lang='lat' dir='ltr'>morantes.</span> <span class='ocrx_word' id='word_1_182' title='bbox 802 2508 895 2587; x_wconf 63' lang='lat' dir='ltr'>eo</span> <span class='ocrx_word' id='word_1_183' title='bbox 925 2509 1053 2579; x_wconf 80' lang='lat' dir='ltr'>vim</span> <span class='ocrx_word' id='word_1_184' title='bbox 1097 2508 1364 2578; x_wconf 87' lang='lat' dir='ltr'>Camilli</span> <span class='ocrx_word' id='word_1_185' title='bbox 1397 2505 1478 2575; x_wconf 86' lang='lat' dir='ltr'>ab</span> <span class='ocrx_word' id='word_1_186' title='bbox 1522 2507 1730 2575; x_wconf 85' lang='lat' dir='ltr'>Antio</span> <span class='ocrx_word' id='word_1_187' title='bbox 1777 2502 2040 2577; x_wconf 87' lang='lat' dir='ltr'>fortuna</span> <span class='ocrx_word' id='word_1_188' title='bbox 2082 2510 2341 2579; x_wconf 86' lang='lat' dir='ltr'>avertit.</span> 
     </span>
     <span class='ocr_line' id='line_1_26' title="bbox 391 2604 2347 2704; baseline -0.002 -25"><span class='ocrx_word' id='word_1_189' title='bbox 391 2608 710 2704; x_wconf 87' lang='lat' dir='ltr'>Namque</span> <span class='ocrx_word' id='word_1_190' title='bbox 734 2632 934 2704; x_wconf 89' lang='lat' dir='ltr'>quum</span> <span class='ocrx_word' id='word_1_191' title='bbox 958 2633 1032 2678; x_wconf 87' lang='lat' dir='ltr'>ea</span> <span class='ocrx_word' id='word_1_192' title='bbox 1053 2607 1199 2676; x_wconf 90' lang='lat' dir='ltr'>loca</span> <span class='ocrx_word' id='word_1_193' title='bbox 1222 2604 1523 2702; x_wconf 78' lang='lat' dir='ltr'>opposita</span> <span class='ocrx_word' id='word_1_194' title='bbox 1546 2606 1819 2675; x_wconf 81' lang='lat' dir='ltr'>Etruria:</span> <span class='ocrx_word' id='word_1_195' title='bbox 1841 2651 1860 2684; x_wconf 87' lang='lat'>‚</span> <span class='ocrx_word' id='word_1_196' title='bbox 1883 2617 1946 2679; x_wconf 59' lang='grc' dir='ltr'>ἃ</span> <span class='ocrx_word' id='word_1_197' title='bbox 1974 2610 2151 2678; x_wconf 87' lang='lat' dir='ltr'>velut</span> <span class='ocrx_word' id='word_1_198' title='bbox 2172 2609 2347 2676; x_wconf 83' lang='lat' dir='ltr'>clau-</span> 
     </span>
     <span class='ocr_line' id='line_1_27' title="bbox 393 2700 2342 2803; baseline -0.001 -28"><span class='ocrx_word' id='word_1_199' title='bbox 393 2700 521 2775; x_wconf 83' lang='lat' dir='ltr'>stra</span> <span class='ocrx_word' id='word_1_200' title='bbox 554 2705 704 2774; x_wconf 90' lang='lat' dir='ltr'>inde</span> <span class='ocrx_word' id='word_1_201' title='bbox 730 2727 1068 2803; x_wconf 65' lang='lat' dir='ltr'>portatque</span> <span class='ocrx_word' id='word_1_202' title='bbox 1106 2700 1308 2774; x_wconf 73' lang='lat' dir='ltr'>ess&#39;ent</span> <span class='ocrx_word' id='word_1_203' title='bbox 1336 2733 1355 2788; x_wconf 83' lang='lat'>3</span> <span class='ocrx_word' id='word_1_204' title='bbox 1384 2714 1445 2776; x_wconf 67' lang='lat'>8&lt;</span> <span class='ocrx_word' id='word_1_205' title='bbox 1472 2704 1598 2771; x_wconf 88' lang='lat' dir='ltr'>illis</span> <span class='ocrx_word' id='word_1_206' title='bbox 1633 2705 1996 2797; x_wconf 64' lang='lat' dir='ltr'>occupandi</span> <span class='ocrx_word' id='word_1_207' title='bbox 2017 2730 2118 2783; x_wconf 84' lang='lat' dir='ltr'>ea,</span> <span class='ocrx_word' id='word_1_208' title='bbox 2142 2731 2342 2803; x_wconf 86' lang='lat' dir='ltr'>quum</span> 
     </span>
     <span class='ocr_line' id='line_1_28' title="bbox 393 2802 2349 2899; baseline 0.001 -29"><span class='ocrx_word' id='word_1_209' title='bbox 393 2802 551 2899; x_wconf 88' lang='lat' dir='ltr'>quid</span> <span class='ocrx_word' id='word_1_210' title='bbox 581 2804 739 2872; x_wconf 84' lang='lat' dir='ltr'>novi</span> <span class='ocrx_word' id='word_1_211' title='bbox 760 2806 1173 2885; x_wconf 80' lang='lat' dir='ltr'>molirentur,</span> <span class='ocrx_word' id='word_1_212' title='bbox 1197 2814 1257 2873; x_wconf 86' lang='lat'>&amp;</span> <span class='ocrx_word' id='word_1_213' title='bbox 1285 2802 1603 2872; x_wconf 84' lang='lat' dir='ltr'>Romanis</span> <span class='ocrx_word' id='word_1_214' title='bbox 1628 2804 2046 2894; x_wconf 79' lang='lat' dir='ltr'>recuperandi</span> <span class='ocrx_word' id='word_1_215' title='bbox 2085 2806 2349 2874; x_wconf 73' lang='lat' dir='ltr'>tuentii-</span> 
     </span>
     <span class='ocr_line' id='line_1_29' title="bbox 391 2897 2342 2999; baseline -0.001 -29"><span class='ocrx_word' id='word_1_216' title='bbox 391 2925 523 2997; x_wconf 90' lang='lat' dir='ltr'>que</span> <span class='ocrx_word' id='word_1_217' title='bbox 549 2924 700 2970; x_wconf 84' lang='lat' dir='ltr'>cura</span> <span class='ocrx_word' id='word_1_218' title='bbox 722 2925 884 2972; x_wconf 89' lang='lat' dir='ltr'>erat.</span> <span class='ocrx_word' id='word_1_219' title='bbox 941 2904 1148 2999; x_wconf 82' lang='lat' dir='ltr'>Igitur</span> <span class='ocrx_word' id='word_1_220' title='bbox 1168 2897 1412 2968; x_wconf 81' lang='lat' dir='ltr'>senatui</span> <span class='ocrx_word' id='word_1_221' title='bbox 1445 2924 1591 2965; x_wconf 85' lang='lat' dir='ltr'>cum</span> <span class='ocrx_word' id='word_1_222' title='bbox 1619 2899 1909 2968; x_wconf 85' lang='lat' dir='ltr'>Camillo</span> <span class='ocrx_word' id='word_1_223' title='bbox 1949 2901 2049 2994; x_wconf 81' lang='lat' dir='ltr'>agi</span> <span class='ocrx_word' id='word_1_224' title='bbox 2072 2902 2342 2993; x_wconf 85' lang='lat' dir='ltr'>placuit,</span> 
     </span>
     <span class='ocr_line' id='line_1_30' title="bbox 393 2991 2348 3095; baseline -0.004 -25"><span class='ocrx_word' id='word_1_225' title='bbox 393 3020 465 3070; x_wconf 85' lang='lat' dir='ltr'>ut</span> <span class='ocrx_word' id='word_1_226' title='bbox 498 2995 729 3071; x_wconf 71' lang='lat' dir='ltr'>omisso</span> <span class='ocrx_word' id='word_1_227' title='bbox 771 3001 979 3070; x_wconf 87' lang='lat' dir='ltr'>Antio</span> <span class='ocrx_word' id='word_1_228' title='bbox 1013 3000 1259 3070; x_wconf 88' lang='lat' dir='ltr'>bellum</span> <span class='ocrx_word' id='word_1_229' title='bbox 1298 2992 1638 3069; x_wconf 78' lang='lat' dir='ltr'>Etruscum</span> <span class='ocrx_word' id='word_1_230' title='bbox 1678 2991 2042 3095; x_wconf 88' lang='lat' dir='ltr'>susciperet.</span> <span class='ocrx_word' id='word_1_231' title='bbox 2092 2999 2348 3093; x_wconf 84' lang='lat' dir='ltr'>Legio-</span> 
     </span>
    </p>

    <p class='ocr_par' dir='ltr' id='par_1_4' title="bbox 1643 3114 2342 3166">
     <span class='ocr_line' id='line_1_31' title="bbox 1643 3114 2342 3166; baseline 0.001 -2"><span class='ocrx_word' id='word_1_232' title='bbox 1643 3114 1651 3125; x_wconf 61' lang='lat'><strong>*</strong></span> <span class='ocrx_word' id='word_1_233' title='bbox 2223 3120 2342 3166; x_wconf 86' lang='lat' dir='ltr'>nes</span> 
     </span>
    </p>
   </div>
   <div class='ocr_carea' id='block_1_2' title="bbox 393 3247 2345 3735">
    <p class='ocr_par' dir='ltr' id='par_1_5' title="bbox 393 3247 2345 3735">
     <span class='ocr_line' id='line_1_32' title="bbox 1402 3247 2345 3321; baseline -0.005 -16"><span class='ocrx_word' id='word_1_234' title='bbox 1402 3255 1505 3305; x_wconf 85' lang='lat' dir='ltr'>casu</span> <span class='ocrx_word' id='word_1_235' title='bbox 1517 3249 1743 3304; x_wconf 75' lang='lat' dir='ltr'>auferendi</span> <span class='ocrx_word' id='word_1_236' title='bbox 1760 3289 1776 3309; x_wconf 85' lang='grc'><strong><em>,</em></strong></span> <span class='ocrx_word' id='word_1_237' title='bbox 1802 3267 1942 3317; x_wconf 85' lang='lat' dir='ltr'>quum</span> <span class='ocrx_word' id='word_1_238' title='bbox 1966 3255 2118 3321; x_wconf 76' lang='lat' dir='ltr'>Neperi</span> <span class='ocrx_word' id='word_1_239' title='bbox 2129 3250 2261 3300; x_wconf 71' lang='lat' dir='ltr'>fiterit</span> <span class='ocrx_word' id='word_1_240' title='bbox 2275 3247 2345 3300; x_wconf 80' lang='lat' dir='ltr'>di·</span> 
     </span>
     <span class='ocr_line' id='line_1_33' title="bbox 1400 3323 2345 3387; baseline -0.005 -14"><span class='ocrx_word' id='word_1_241' title='bbox 1400 3323 1593 3373; x_wconf 84' lang='lat' dir='ltr'>ccudum</span> <span class='ocrx_word' id='word_1_242' title='bbox 1612 3360 1625 3379; x_wconf 87' lang='lat'>,</span> <span class='ocrx_word' id='word_1_243' title='bbox 1650 3326 1810 3386; x_wconf 81' lang='lat' dir='ltr'>quippe</span> <span class='ocrx_word' id='word_1_244' title='bbox 1836 3337 1940 3370; x_wconf 81' lang='lat' dir='ltr'>cuni</span> <span class='ocrx_word' id='word_1_245' title='bbox 1957 3327 2003 3369; x_wconf 87' lang='lat' dir='ltr'>iu</span> <span class='ocrx_word' id='word_1_246' title='bbox 2031 3324 2154 3369; x_wconf 58' lang='lat' dir='ltr'>resto</span> <span class='ocrx_word' id='word_1_247' title='bbox 2186 3328 2345 3387; x_wconf 70' lang='lat' dir='ltr'>Nepete</span> 
     </span>
     <span class='ocr_line' id='line_1_34' title="bbox 458 3386 2339 3467; baseline -0.006 -20"><span class='ocrx_word' id='word_1_248' title='bbox 458 3413 478 3446; x_wconf 74' lang='grc' dir='ltr'><strong>ι</strong></span> <span class='ocrx_word' id='word_1_249' title='bbox 514 3399 603 3451; x_wconf 82' lang='lat' dir='ltr'>Sed</span> <span class='ocrx_word' id='word_1_250' title='bbox 617 3399 718 3467; x_wconf 68' lang='lat' dir='ltr'>quia</span> <span class='ocrx_word' id='word_1_251' title='bbox 730 3398 812 3462; x_wconf 75' lang='lat' dir='ltr'>m‘fi</span> <span class='ocrx_word' id='word_1_252' title='bbox 833 3412 984 3463; x_wconf 66' lang='lat' dir='ltr'>magno</span> <span class='ocrx_word' id='word_1_253' title='bbox 1010 3407 1222 3462; x_wconf 70' lang='lat' dir='ltr'>apparatu</span> <span class='ocrx_word' id='word_1_254' title='bbox 1249 3406 1334 3442; x_wconf 77' lang='lat' dir='ltr'>tor·</span> <span class='ocrx_word' id='word_1_255' title='bbox 1399 3390 1589 3451; x_wconf 77' lang='lat' dir='ltr'>dicatur.</span> <span class='ocrx_word' id='word_1_256' title='bbox 1641 3388 1726 3439; x_wconf 84' lang='lat' dir='ltr'>Sed</span> <span class='ocrx_word' id='word_1_257' title='bbox 1748 3393 1925 3453; x_wconf 82' lang='lat' dir='ltr'>propria</span> <span class='ocrx_word' id='word_1_258' title='bbox 1953 3394 2001 3437; x_wconf 85' lang='lat' dir='ltr'>in</span> <span class='ocrx_word' id='word_1_259' title='bbox 2033 3396 2069 3439; x_wconf 86' lang='grc' dir='ltr'><strong><em>Ε</em></strong></span> <span class='ocrx_word' id='word_1_260' title='bbox 2095 3386 2339 3436; x_wconf 70' lang='lat' dir='ltr'>desinentia</span> 
     </span>
     <span class='ocr_line' id='line_1_35' title="bbox 394 3457 2340 3524; baseline -0.008 -8"><span class='ocrx_word' id='word_1_261' title='bbox 394 3472 564 3516; x_wconf 70' lang='lat' dir='ltr'>mutin.</span> <span class='ocrx_word' id='word_1_262' title='bbox 573 3478 587 3524; x_wconf 70' lang='lat' dir='ltr'>j</span> <span class='ocrx_word' id='word_1_263' title='bbox 608 3470 774 3516; x_wconf 80' lang='lat' dir='ltr'>Mirum</span> <span class='ocrx_word' id='word_1_264' title='bbox 789 3466 878 3513; x_wconf 79' lang='lat' dir='ltr'>boc</span> <span class='ocrx_word' id='word_1_265' title='bbox 890 3462 1028 3512; x_wconf 86' lang='lat' dir='ltr'>videri</span> <span class='ocrx_word' id='word_1_266' title='bbox 1041 3462 1185 3524; x_wconf 83' lang='lat' dir='ltr'>potest</span> <span class='ocrx_word' id='word_1_267' title='bbox 1201 3498 1214 3517; x_wconf 85' lang='grc'><strong>.</strong></span> <span class='ocrx_word' id='word_1_268' title='bbox 1229 3477 1335 3508; x_wconf 84' lang='lat' dir='ltr'>cum</span> <span class='ocrx_word' id='word_1_269' title='bbox 1396 3457 1595 3519; x_wconf 79' lang='lat' dir='ltr'>ejusdem</span> <span class='ocrx_word' id='word_1_270' title='bbox 1609 3462 1940 3506; x_wconf 75' lang='lat' dir='ltr'>terminationis</span> <span class='ocrx_word' id='word_1_271' title='bbox 1953 3459 2116 3506; x_wconf 77' lang='lat' dir='ltr'>habent</span> <span class='ocrx_word' id='word_1_272' title='bbox 2130 3460 2340 3504; x_wconf 79' lang='lat' dir='ltr'>nomina-</span> 
     </span>
     <span class='ocr_line' id='line_1_36' title="bbox 393 3525 2344 3592; baseline -0.005 -12"><span class='ocrx_word' id='word_1_273' title='bbox 393 3531 451 3580; x_wconf 77' lang='lat' dir='ltr'>ad</span> <span class='ocrx_word' id='word_1_274' title='bbox 467 3532 601 3581; x_wconf 76' lang='lat' dir='ltr'>finem</span> <span class='ocrx_word' id='word_1_275' title='bbox 620 3534 719 3581; x_wconf 81' lang='lat' dir='ltr'>libri</span> <span class='ocrx_word' id='word_1_276' title='bbox 746 3533 925 3582; x_wconf 79' lang='lat' dir='ltr'>secundi</span> <span class='ocrx_word' id='word_1_277' title='bbox 952 3548 1044 3581; x_wconf 86' lang='lat' dir='ltr'>tam</span> <span class='ocrx_word' id='word_1_278' title='bbox 1058 3529 1186 3578; x_wconf 81' lang='lat' dir='ltr'>facile</span> <span class='ocrx_word' id='word_1_279' title='bbox 1209 3545 1339 3592; x_wconf 83' lang='lat' dir='ltr'>capta</span> <span class='ocrx_word' id='word_1_280' title='bbox 1400 3534 1544 3581; x_wconf 75' lang='lat' dir='ltr'>tivum</span> <span class='ocrx_word' id='word_1_281' title='bbox 1560 3533 1608 3577; x_wconf 70' lang='lat' dir='ltr'>&amp;c</span> <span class='ocrx_word' id='word_1_282' title='bbox 1622 3529 1882 3574; x_wconf 77' lang='lat' dir='ltr'>ablativum.</span> <span class='ocrx_word' id='word_1_283' title='bbox 1918 3531 1977 3574; x_wconf 87' lang='lat' dir='ltr'>Vt</span> <span class='ocrx_word' id='word_1_284' title='bbox 1991 3527 2195 3585; x_wconf 73' lang='lat' dir='ltr'>Praeneste.</span> <span class='ocrx_word' id='word_1_285' title='bbox 2215 3525 2344 3571; x_wconf 77' lang='lat' dir='ltr'>Dixit</span> 
     </span>
     <span class='ocr_line' id='line_1_37' title="bbox 395 3592 2339 3663; baseline -0.008 -14"><span class='ocrx_word' id='word_1_286' title='bbox 395 3597 539 3649; x_wconf 70' lang='lat' dir='ltr'>flletit.</span> <span class='ocrx_word' id='word_1_287' title='bbox 576 3605 776 3649; x_wconf 72' lang='lat' dir='ltr'>Glareaen.</span> <span class='ocrx_word' id='word_1_288' title='bbox 1177 3625 1184 3634; x_wconf 94' lang='lat'><strong>·</strong></span> <span class='ocrx_word' id='word_1_289' title='bbox 1401 3602 1525 3644; x_wconf 82' lang='lat' dir='ltr'>enim</span> <span class='ocrx_word' id='word_1_290' title='bbox 1541 3596 1750 3658; x_wconf 80' lang='lat' dir='ltr'>Virgilius</span> <span class='ocrx_word' id='word_1_291' title='bbox 1767 3630 1781 3652; x_wconf 79' lang='grc'>,</span> <span class='ocrx_word' id='word_1_292' title='bbox 1798 3597 1976 3663; x_wconf 55' lang='lat' dir='ltr'>Quique</span> <span class='ocrx_word' id='word_1_293' title='bbox 1989 3599 2129 3642; x_wconf 72' lang='lat' dir='ltr'>aleam</span> <span class='ocrx_word' id='word_1_294' title='bbox 2148 3592 2339 3650; x_wconf 78' lang='lat' dir='ltr'>Praeneste</span> 
     </span>
     <span class='ocr_line' id='line_1_38' title="bbox 417 3657 2341 3735; baseline -0.005 -20"><span class='ocrx_word' id='word_1_295' title='bbox 417 3700 424 3715; x_wconf 74' lang='grc'><strong>.</strong></span> <span class='ocrx_word' id='word_1_296' title='bbox 468 3683 492 3715; x_wconf 88' lang='lat'><em>2</em></span> <span class='ocrx_word' id='word_1_297' title='bbox 527 3670 591 3716; x_wconf 70' lang='lat' dir='ltr'>Ab</span> <span class='ocrx_word' id='word_1_298' title='bbox 609 3676 824 3735; x_wconf 72' lang='lat' dir='ltr'>Nepeteac</span> <span class='ocrx_word' id='word_1_299' title='bbox 841 3660 1345 3729; x_wconf 71' lang='lat' dir='ltr'>Sutrio.]Reprehendit</span> <span class='ocrx_word' id='word_1_300' title='bbox 1400 3669 1491 3713; x_wconf 80' lang='lat' dir='ltr'>viri</span> <span class='ocrx_word' id='word_1_301' title='bbox 1507 3683 1524 3710; x_wconf 93' lang='grc'>.·</span> <span class='ocrx_word' id='word_1_302' title='bbox 1554 3668 1603 3714; x_wconf 74' lang='grc' dir='ltr'>δε</span> <span class='ocrx_word' id='word_1_303' title='bbox 1623 3698 1636 3718; x_wconf 82' lang='lat'>‚</span> <span class='ocrx_word' id='word_1_304' title='bbox 1663 3682 1761 3711; x_wconf 69' lang='lat' dir='ltr'>cum</span> <span class='ocrx_word' id='word_1_305' title='bbox 1784 3668 1974 3728; x_wconf 71' lang='lat' dir='ltr'>primam</span> <span class='ocrx_word' id='word_1_306' title='bbox 1998 3664 2135 3709; x_wconf 70' lang='lat' dir='ltr'>aciem</span> <span class='ocrx_word' id='word_1_307' title='bbox 2149 3657 2341 3718; x_wconf 61' lang='lat' dir='ltr'>praest·</span> 
     </span>
    </p>
   </div>
   <div class='ocr_carea' id='block_1_3' title="bbox 395 3730 2337 3843">
    <p class='ocr_par' dir='ltr' id='par_1_6' title="bbox 395 3730 2337 3843">
     <span class='ocr_line' id='line_1_39' title="bbox 395 3730 2337 3843; baseline -0.004 -62"><span class='ocrx_word' id='word_1_308' title='bbox 395 3732 469 3781; x_wconf 83' lang='lat' dir='ltr'>hic</span> <span class='ocrx_word' id='word_1_309' title='bbox 488 3738 758 3795; x_wconf 74' lang='lat' dir='ltr'>Glareanus,</span> <span class='ocrx_word' id='word_1_310' title='bbox 786 3735 1100 3803; x_wconf 70' lang='lat' dir='ltr'>quod-Nepete</span> <span class='ocrx_word' id='word_1_311' title='bbox 1112 3730 1361 3789; x_wconf 57' lang='lat' dir='ltr'>dixeritin,</span> <span class='ocrx_word' id='word_1_312' title='bbox 1386 3733 1588 3803; x_wconf 65' lang='lat' dir='ltr'>[abipsa.</span> <span class='ocrx_word' id='word_1_313' title='bbox 1619 3735 1729 3781; x_wconf 68' lang='lat' dir='ltr'>Hac</span> <span class='ocrx_word' id='word_1_314' title='bbox 1741 3732 1998 3784; x_wconf 69' lang='lat' dir='ltr'>Priscianus.</span> <span class='ocrx_word' id='word_1_315' title='bbox 2026 3730 2271 3843; x_wconf 49' lang='lat' dir='ltr'>signina-R</span> <span class='ocrx_word' id='word_1_316' title='bbox 2285 3803 2337 3836; x_wconf 51' lang='grc' dir='ltr'>ο.</span> 
     </span>
    </p>
   </div>
   <div class='ocr_carea' id='block_1_4' title="bbox 605 3292 1127 3349">
    <p class='ocr_par' dir='ltr' id='par_1_7' title="bbox 605 3292 1127 3349">
     <span class='ocr_line' id='line_1_40' title="bbox 605 3292 1127 3349; baseline -0.015 -11"><span class='ocrx_word' id='word_1_317' title='bbox 605 3292 1127 3349; x_wconf 46' lang='lat' dir='ltr'>vaningus«.</span> 
     </span>
    </p>
   </div>
  </div>
 </body>
</html>
