2593 4366
899 84 959 151 L
1014 101 1043 149 1
1102 107 1140 151 n
1184 107 1225 152 ε
1273 95 1323 155 14
1415 85 1478 155 Ῑ.

182 185 431 256 donec
453 181 632 252 orba
649 173 919 251 consilio
935 180 1303 280 auxilioque
1320 181 1585 253 Gabina
1609 204 1710 251 res
1763 178 1902 277 regi
1919 107 2180 252 Roni’af-

194 308 301 356 no
322 281 465 353 stne
508 282 645 352 ulla
663 279 1084 350 dimicatione
1101 279 1167 349 in
1183 306 1449 351 manum
1476 223 1781 351 tradituiz
1829 278 2064 348 Gabiis
2081 303 2181 351 re·
2202 300 2233 373 5
2251 298 2288 373 ς

198 385 423 478 ceptis
447 438 468 464 ,
494 379 903 477 Tarquinius
929 403 1155 474 pacem
1176 404 1327 451 curn
1344 382 1699 478 AEquorum
1737 400 1941 476 gente
1978 375 2178 448 fecit:
2279 375 2352 464 J„

196 478 431 553 foedus
452 506 611 552 cum
633 475 862 549 Tuscis
899 477 1271 549 renovavit.
1315 479 1480 550 Inde
1519 478 1600 550 ad
1630 477 1902 576 negotia
1937 475 2185 548 urbana
2417 482 2537 609 ’6

198 582 503 652 animum
514 578 873 651 convertit.
896 602 1183 676 quorum
1200 595 1342 647 erat
1358 577 1636 671 primum
1657 621 1680 657 ‚
1710 598 1781 648 ut
1799 577 1985 670 Jovis
2007 598 2183 649 tem·
2359 634 2537 660 ‚—

201 682 393 777 plum
413 681 482 750 in
504 700 741 751 monte
760 677 1083 774 Tarpeio,
1106 697 1612 748 monumentum
1631 700 1700 747 re
1750 677 1816 746 ni
1849 671 1939 746 sui
1958 674 2184 747 nomi-

216 774 443 890 ¹3³5&oe
465 779 917 875 relinqueret:
947 774 1359 874 Tarquinios
1396 799 1587 873 reges
1608 703 1838 846 amics
1860 819 1883 854 ‚
1918 796 2178 872 patrem

223 874 485 958 vovtffe‚
504 877 721 950 filium
741 869 1100 972 perfeciffe.
1145 877 1229 946 Et
1254 895 1325 946 ut
1355 875 1565 945 libera
1583 873 1619 945 a
1633 875 1880 950 caeteris
1905 874 2176 973 religio-

227 975 407 1047 nibus
422 1000 575 1049 area
593 971 753 1046 effet
770 994 914 1045 tota
929 974 1114 1066 Jovis
1130 975 1497 1073 templique
1513 976 1681 1069 ejus,
1697 974 1877 1072 quod
1899 970 2178 1045 inaedifi-

225 1097 496 1163 caretum
521 1089 554 1127 ⁸
578 1097 981 1173 exaugurare
1014 1070 1159 1156 fana
1188 1068 1552 1175 sacellaque
1588 1073 1840 1145 statuit:
1886 1101 2031 1174 quae
2052 1080 2174 1149 ali-

274 1198 375 1246 uot
389 1176 489 1246 ibi
510 1174 552 1245 ὲ
572 1176 786 1244 Tatio
827 1197 985 1272 rege
1003 1174 1285 1272 primum
1304 1173 1370 1244 in
1389 1170 1531 1271 ipso
1550 1169 1920 1244 discrimine
1940 1176 2179 1246 adver-
2209 1207 2216 1218 ·

331 1274 712 1347 Romulum
729 1298 961 1370 pugnae
985 1327 1004 1355 ,
1040 1294 1220 1351 vota,
1240 1269 1643 1350 consecrata,
1664 1271 2180 1372 inaugurataque

224 1374 436 1471 postea
458 1371 746 1445 fuerant.
796 1378 981 1442 Inter
1015 1371 1331 1469 principia
1348 1370 1681 1442 condendi
1707 1371 1900 1462 hujus
1933 1373 2184 1468 operis,

182 1456 210 1535 Ῑ
226 1469 489 1546 movifl‘e
511 1496 761 1542 numen
784 1472 865 1541 ad
881 1469 1291 1542 indicandam
1314 1471 1480 1541 tanti
1498 1469 1754 1567 imperii
1774 1471 2021 1542 molem
2044 1492 2182 1543 tra-

222 1574 384 1646 ditur
408 1577 607 1644 Deos
628 1617 647 1642 .
686 1594 838 1640 nam
859 1594 1060 1668 quum
1080 1570 1378 1641 omnium
1412 1566 1798 1640 sacellorum
1818 1594 2185 1670 exaugura-

223 1674 434 1745 tiones
458 1671 893 1742 admitterent
910 1693 1088 1748 aves,
1105 1671 1171 1740 in
1189 1670 1495 1741 Termini
1519 1663 1673 1740 fano
1693 1692 1826 1740 non
1844 1670 2180 1744 addixere.

216 1773 409 1871 idque
428 1794 642 1841 omen
661 1793 785 1866 aug
834 1769 1128 1867 riumque
1145 1771 1238 1840 ita
1251 1789 1591 1867 acceptum
1607 1766 1702 1840 est
1720 1812 1740 1847 2
1761 1793 1898 1839 non
1920 1792 2182 1841 motam

221 1870 528 1943 Termini
554 1793 1153 1966 sedermzmumque
1175 1894 1329 1940 eum
1354 1873 1659 1940 Deorum
1678 1891 1814 1938 non
1830 1891 2181 1944 evocatum

221 1966 315 2042 sac
390 1969 477 2041 tis
500 1965 620 2038 fibi
644 1965 879 2037 finibus
900 2012 920 2046 ,
947 1965 1131 2039 firma
1155 1967 1539 2067 stabiliaque
1573 1961 1807 2037 cuneta
1828 1968 2188 2064 portende-

215 2093 301 2141 re.
353 2072 517 2141 Hoc
539 2065 995 2164 perpetuitatis
1020 2066 1305 2164 auspicio
1323 2088 1602 2164 accepto
1624 2115 1646 2149 ‚
1681 2062 1970 2136 secutum
2004 2067 2182 2139 aliud

220 2167 743 2272 magnitudinem
762 2165 1018 2261 imperii
1038 2169 1440 2264 portendens
1462 2165 1828 2266 prodigium
1847 2164 1963 2237 est.
1983 2188 2182 2263 caput

216 2266 574 2342 humanum
593 2265 852 2365 integra
869 2260 1029 2336 facie
1051 2267 1490 2363 aperientibus
1511 2263 1930 2336 fundamenta
1945 2266 2183 2361 templi

217 2368 453 2441 dicitur
470 2360 855 2464 apparuiffe.
888 2368 1056 2449 Quae
1080 2363 1209 2436 visa
1228 2362 1501 2464 species,
1521 2363 1691 2436 haud
1714 2388 1829 2461 per
1845 2363 2187 2462 ambages,

230 2493 445 2540 arcem
466 2490 616 2537 eam
650 2463 910 2561 imperii
935 2487 1258 2563 caputque
1289 2460 1671 2537 rerum·fore
1706 2464 2174 2559 portendebat.

220 2562 418 2665 idque
432 2565 528 2636 ita
544 2564 844 2635 cecinere
867 2583 1075 2643 vates,
1098 2567 1344 2665 quique
1363 2566 1432 2634 in
1452 2561 1813 2635 urbe-erant
1835 2617 1853 2643 ,
1878 2559 2175 2661 quosque

223 2668 299 2737 ad
319 2689 474 2737 eam
496 2688 633 2733 rem
659 2657 1153 2733 consultandam
1193 2689 1273 2735 ex
1300 2661 1561 2734 Etruria
1592 2661 1981 2733 acciverant.
2037 2671 2182 2732 Au·
2244 2700 2384 2727 a*

221 2765 504 2864 gebatur
523 2761 604 2833 ad
635 2757 961 2858 impensas
1004 2762 1173 2861 regis
1200 2764 1477 2833 animus.
1523 2767 1757 2858 Itaque
1784 2760 2175 2841 Pometinae,

218 2862 539 2935 manubiae
557 2907 577 2940 ‚
596 2888 739 2960 quae
764 2860 1182 2956 perducendo
1203 2863 1284 2934 ad
1326 2864 1591 2932 culmen
1619 2858 1806 2957 operi
1840 2857 2176 2933 destinatae

216 2967 539 3046 erant,vix
562 2960 628 3031 in
648 2956 1070 3030 fundamenta
1086 2957 1599 3059 suppeditavere.
1616 2985 1701 3031 eo
1721 2959 1925 3059 magis
1942 2959 2177 3036 Fabio,

214 3085 652 3161 praeterquam
677 3059 859 3157 quod
879 3059 1210 3158 antiquior
1226 3059 1322 3132 est
1346 3107 1370 3140 ‚
1404 3059 1794 3133 crediderim
1815 3109 1835 3142 ,
1876 3058 2187 3156 quadrin-

218 3184 421 3260 genta
438 3186 515 3232 ea
538 3155 674 3254 sola
691 3159 934 3227 talenta
951 3155 1155 3242 fuitse3
1171 3185 1367 3258 quam
1391 3158 1628 3238 Pisoni,
1651 3160 1765 3258 qui
1787 3157 2183 3255 quadragin-

215 3277 281 3332 ta
314 3260 523 3333 millia
555 3256 791 3356 pondo
833 3258 1091 3356 argenti
1126 3254 1408 3357 seposita
1451 3261 1523 3331 in
1556 3283 1706 3333 eam
1748 3282 1888 3327 rem
1912 3252 2179 3424 sai-bin

2033 3380 2184 3425 um-

429 3538 473 3590 0
505 3553 543 3590 R
572 3553 607 3586 ⁰
636 3548 672 3586 Β
708 3553 743 3587 0
774 3554 806 3587 V
839 3552 860 3585 ¹
899 3544 938 3585 ἵ·
1231 3535 2184 3606 pluviosam.enexugnravh,praererqusm

277 3620 305 3665 ί
490 3618 772 3680 κακίαι]
788 3618 906 3664 Cato
921 3615 1160 3678 Otlgimm
1236 3612 1345 3679 quod
1371 3609 1570 3656 Termino
1584 3608 1748 3670 fanum
1761 3605 1876 3668 fnit.
1901 3605 2187 3677 idn-equitum

206 3679 419 3839 {lli-W
476 3683 1161 3770 festzmak'aus'nnloumn-
1204 3680 1205 3685 ’
1230 3676 1502 3746 exaugurqri·
1535 3670 1613 3759 ⁷0¹3
1629 3668 1704 3711 ⁸5¹5·
1970 3750 2003 3799 b
2033 3751 2190 3819 λειω
