2593 4366
283 184 290 191 ,
875 97 939 177 L
985 123 1015 175 1
1070 131 1109 177 B
1154 131 1194 178 E
1242 131 1289 181 R
1385 110 1500 182 11⁶
2065 124 2204 200 177

227 201 512 291 civitate
532 202 879 278 vistoriam
901 207 1071 276 tulit.
1122 207 1196 276 ld
1232 207 1447 302 primo
1489 206 1797 278 acerbum
1831 204 2211 304 indignum-

228 308 372 400 que
400 303 797 376 Veientibus
826 303 1050 375 visum.
1103 305 1252 375 inde
1271 306 1607 376 confilium
1635 332 1714 378 ex
1749 332 1817 376 re
1837 328 2086 383 natum,
2105 307 2210 375 in-

232 402 410 473 fidiis
434 401 729 473 ferocem
753 401 1010 473 h'ostcm
1032 406 1367 498 captandi:
1407 407 1688 504 gaudere
1722 406 1921 477 etiam
1942 451 1962 485 ‚
1987 405 2204 474 multo

234 496 522 572 successu
561 497 777 572 Fabiis
833 503 1163 573 audaciam
1203 499 1520 574 crescere.
1570 511 1804 601 ltaque
1855 515 1920 579 &
1956 523 2206 599 pecora

239 602 684 696 praedantibus
707 602 1053 698 aliquoties
1075 647 1094 680 ,
1114 604 1296 671 velut
1318 599 1459 672 casu
1493 602 1851 674 incidissent
1877 658 1896 683 ‚
1930 603 2203 671 obviam

241 702 424 768 atita:
447 701 871 798 &agrestium
893 697 1045 798 fuga
1065 699 1223 770 vasti
1260 703 1466 770 relic-“ti
1486 705 1662 798 agri:
1701 713 1763 776 8(
1803 700 2074 771 subsidia
2105 724 2213 769 ar-

245 820 574 869 matorum
596 799 676 871 ad
696 800 1004 870 arcendas
1028 802 1492 896 populationes
1518 796 1693 869 miss'a
1711 856 1729 883 ‚
1767 798 1989 896 saepius
2009 799 2210 870 fimu-

247 885 390 965 lato
409 924 604 995 quam
631 924 792 968 vero
812 924 1052 993 pavore
1073 895 1476 996 refugerunt.
1526 905 1798 997 Jamque
1839 898 2012 969 Fabii
2034 900 2205 971 adeo

251 997 781 1093 contempserant
802 996 1085 1076 hostem,
1110 1021 1177 1067 ut
1196 996 1559 1069 suainvifta
1579 1023 1757 1068 arma
1774 1049 1793 1080 ,
1816 1023 2027 1095 neque
2044 1000 2205 1068 loco

251 1103 462 1193 neque
487 1120 794 1192 tempore
816 1098 954 1165 ullo
986 1098 1330 1168 crederent
1353 1094 1638 1169 sustineri
1663 1094 1860 1192 polle.
1896 1096 2031 1168 haec
2063 1096 2207 1193 spes

253 1197 593 1290 provexit,
649 1218 720 1266 ut
759 1196 838 1266 ad
874 1193 1221 1291 conspeeta
1255 1198 1485 1292 procul
1537 1195 1573 1266 a
1610 1199 1928 1267 Cremera
1963 1219 2209 1293 magno

249 1296 463 1392 campi
483 1296 838 1365 intervallo
858 1320 1098 1390 pecora
1124 1297 1532 1394 (quanquam
1556 1319 1694 1364 rara
1717 1293 1996 1366 hostium
2013 1319 2215 1389 appa-

250 1393 484 1463 rebant
526 1402 754 1483 arma)
795 1395 1238 1465 decurrerent.
1266 1403 1332 1467 δι
1373 1420 1573 1492 quum
1606 1394 1961 1490 improvidi
2003 1387 2212 1464 effuso

251 1489 436 1562 cursu
454 1491 712 1577 infidias
737 1494 907 1563 circa
926 1488 1132 1588 ipsum
1149 1492 1272 1562 iter
1291 1496 1540 1563 locaras
1565 1488 1953 1590 superassent
1970 1536 1991 1571 ‚
2009 1471 2236 1589 'pala-¹
2315 1505 2318 1506 ’

251 1591 434 1688 tique
454 1591 680 1688 paffim
703 1577 915 1690 vagas
909 1583 977 1660 ut
1002 1589 1075 1661 fit
1097 1616 1339 1687 pavore
1360 1593 1605 1684 injesto
1623 1637 1643 1670 ‚
1681 1612 1983 1689 raperent
2007 1615 2215 1688 peco-

253 1714 318 1759 ra
343 1687 599 1761 :subito
618 1716 698 1762 ex
720 1690 957 1761 insidiis
984 1688 1394 1790 consurgitur
1414 1741 1435 1774 ,
1468 1691 1796 1765 &adverti
1821 1702 1895 1766 ’δε
1920 1692 2210 1789 undique

210 1860 235 1878 χ
253 1782 471 1860 hostes
494 1809 709 1859 erant.
762 1793 985 1862 Primo
1005 1792 1257 1860 clamor
1274 1792 1689 1861 circumlatus
1708 1790 2214 1870 exterruit‚dein

252 1892 383 1980 tela
401 1891 482 1958 ab
504 1889 685 1957 omni
712 1912 891 1984 parte
912 1888 1317 1960 accidebant.
1357 1886 1874 1988 coeuntibusque
1896 1887 2211 1970 Etruscis,

247 1991 377 2082 jam
400 1988 769 2057 continenti
811 1988 1071 2087 agmine
1095 2013 1493 2060 armatorum
1516 1986 1717 2086 septi,
1755 2014 1889 2087 quo
1908 1989 2114 2087 magis
2144 1984 2210 2058 se

251 2083 801 2159 hostisinferebat
827 2087 1271 2186 ‚cogebantur
1310 2087 1613 2159 breviore
1637 2086 1845 2185 spatio
1884 2087 2080 2185 &ipsi
2099 2111 2214 2158 ors·

251 2177 402 2260 bem
425 2189 772 2285 colligere.
795 2215 935 2286 quae
973 2212 1072 2258 res
1094 2197 1157 2262 &
1182 2189 1574 2284 paucitatem
1609 2213 1841 2259 eorum
1864 2187 2214 2285 insignem,

252 2286 316 2361 Β(
343 2288 832 2357 multitudinem
855 2291 1013 2358 Etru
1031 2283 1309 2364 scortum,
1335 2288 1780 2383 multiplicatis
1803 2288 1869 2356 in
1889 2291 2073 2357 arcto
2096 2312 2213 2357 or-

250 2388 508 2457 dinibus
532 2438 552 2468 ,
576 2382 878 2456 faciebat.
926 2390 1109 2456 Tum
1151 2381 1378 2457 omissa
1412 2412 1627 2483 pugna
1648 2410 1844 2482 quam
1881 2385 1947 2453 in
1974 2409 2210 2456 omnes

250 2508 466 2583 partes
492 2510 713 2582 parem
737 2486 1174 2563 intenderant,
1195 2486 1268 2554 in
1286 2510 1484 2554 unum
1525 2489 1745 2553 locum
1766 2480 1828 2553 se
1851 2508 2085 2553 omnes
2109 2486 2216 2552 in-

248 2588 515 2656 clinant.
566 2608 691 2665 ee,
744 2583 856 2654 nisi
897 2585 1284 2681 corporibus
1328 2579 1645 2679 armisque
1671 2627 1692 2662 ‚
1731 2580 1964 2677 rupere
1998 2606 2212 2652 cuneo

248 2686 449 2756 'viam-
504 2686 716 2753 Duxit
753 2684 940 2753 viain
966 2685 1217 2754 editum
1255 2683 1489 2751 leniter
1512 2682 1778 2751 collem.
1823 2681 1974 2751 inde
1998 2683 2216 2777 primo

251 2784 569 2854 restitere.
610 2808 764 2852 mox
792 2806 860 2851 ut
885 2780 1232 2878 respirandi
1273 2779 1564 2878 superior
1599 2781 1782 2850 locus
1808 2777 2076 2878 spatium
2098 2781 2220 2853 de·-

251 2876 348 2952 dit
372 2928 394 2959 ,
435 2883 915 2980 recipiendique
959 2882 992 2952 a
1031 2906 1274 2978 pavore
1301 2903 1488 2951 tanto
1524 2879 1809 2949 animum
1837 2932 1859 2964 ,
1904 2882 2216 2977 pepulere

250 2983 448 3052 etiam
470 2978 856 3051 subeuntes:
896 2981 1334 3077 vincebatque
1355 2979 1592 3049 auxilio
1613 2952 2061 3074 loci¹paucitas
2086 3032 2107 3064 ,
2148 2981 2218 3050 ni

251 3054 913 3180 jugofcircummiss'us
951 3082 1195 3173 Veiens
1226 3082 1289 3148 in
1327 3079 1638 3149 verticem
1678 3080 1866 3148 collis
1902 3075 2220 3150 evasiss'et.

250 3180 342 3250 ita
378 3177 674 3276 superior
712 3175 921 3249 rursus
977 3178 1180 3273 host-is
1223 3174 1453 3249 faeius.
1506 3177 1686 3248 Fabii
1719 3176 1860 3247 caesr
1899 3178 1979 3247 ad
2014 3203 2215 3248 unum

248 3306 512 3359 omnes,
539 3276 1520 3376 praesidiumqueexpugnatum.
1560 3299 1776 3347 cccvi
1827 3273 2048 3371 perisse
2071 3272 2221 3347 satis

248 3380 613 3450 convenit=
659 3375 690 3423 b
719 3402 916 3448 unum
941 3404 1147 3477 prope
1166 3377 1483 3476 puberem
1523 3396 1710 3449 aetate
1749 3375 2222 3448 relic'tumstir'-

1236 3568 1239 3569 f
1731 3564 1734 3569 .
2005 3472 2021 3488 “
2061 3503 2218 3573 pem

309 3574 341 3628 b
375 3588 514 3631 Vnum
536 3586 661 3650 prope
679 3582 879 3649 puberem
910 3592 1086 3646 arata]
1128 3584 1201 3630 vi·
1278 3578 1505 3645 imparium
1534 3580 1576 3627 σι’
1594 3578 1856 3645 adpuberem
1879 3576 2044 3631 ataiem
2056 3586 2224 3635 incolu-

244 3643 448 3699 dendum
462 3667 572 3699 num
588 3651 876 3717 fuexitzpronne
889 3654 1084 3717 puberem
1101 3667 1199 3699 (ια.
1280 3663 1347 3691 me
1376 3650 1546 3709 manfie.
1579 3651 1631 3694 Et
1659 3648 1830 3696 rursus:
1870 3657 1966 3699 Iam
1980 3652 2077 3714 filii
2096 3671 2221 3723 FNP!

238 3721 343 3770 tm·
372 3725 506 3770 Certe
522 3717 581 3769 lic
596 3721 803 3786 loquitur
818 3719 898 3769 hb.
919 3733 958 3769 ι.
988 3736 1138 3772 tamen
1152 3721 1199 3771 ix
1271 3716 1472 3782 puberem
1484 3730 1649 3836 αιαειέίνι
1665 3728 1802 3766 erant.
2123 3789 2158 3832 P
2172 3785 2218 3849 st

2070 3799 2098 3834 c
2160 3803 2180 3831 ο
