2593 4366
975 145 1037 219 L
1090 166 1123 217 r
1171 174 1210 220 Β
1254 172 1296 221 n
1343 171 1393 223 rt
1484 149 1572 226 Χ.
2104 172 2245 245 759

291 247 644 350 desperato
669 241 1036 346 improviso
1056 252 1340 320 tumultu
1362 294 1385 329 ‚
1417 249 1687 347 quando
1722 245 1791 319 in
1829 269 2127 346 apertum
2149 246 2248 324 se·-

294 354 432 425 mel
450 346 801 423 discrimen
815 343 1081 420 evasura
1097 346 1250 417 esset
1266 372 1369 417 res
1388 402 1409 430 ‚
1432 360 1497 423 δι
1518 347 1630 445 ipfi
1656 350 1788 420 acie
1809 349 1976 440 justa
1996 352 2243 420 malue-

238 509 242 513 >
293 470 453 523 runt
488 472 908 522 concurrere.
938 448 1159 545 itaque
1199 456 1266 521 &
1298 446 1368 516 in
1406 472 1660 545 aequum
1697 443 2093 521 descendunt
2111 505 2131 532 ,
2154 476 2242 526 pac

290 546 576 625 fortunae
592 545 680 632 se,
702 550 957 643 majore
976 548 1200 617 animo
1213 569 1413 644 quarn
1431 542 1564 642 spe,
1586 549 2039 621 committunt.
2089 552 2246 622 (3ae-

294 670 543 729 terum‚
570 647 702 720 five
723 648 874 747 quia
894 672 976 719 ex
996 645 1296 716 omnium
1324 647 1708 719 Samnitium
1729 649 2016 746 populis,
2031 650 2245 746 quod-

288 773 554 852 ωαψς
572 747 836 819 roboris
857 743 1587 829 fuerat,contraxerant,
1602 742 1708 817 seu
1726 751 1877 846 quia
1898 744 2245 819 discrimen

293 845 566 921 summat
586 872 801 920 rerum
826 844 1107 944 augebat
1125 843 1813 942 animos,aliquantum
1833 869 2056 944 aperta
2076 872 2250 945 quo-

298 972 435 1056 que
455 972 671 1047 pugna
708 944 1125 1045 praebuerunt
1159 943 1463 1015 terroris.
1513 945 1788 1023 Fabius,
1823 947 1933 1016 ubi
1966 948 2145 1018 nulla
2163 971 2245 1017 ex

301 1068 488 1144 parte
523 1045 780 1118 hostem
824 1047 981 1116 loco
1017 1043 1277 1115 moveri
1315 1043 1530 1125 videt,
1576 1042 1718 1117 iM.
1744 1045 2121 1119 Fulvium&
2146 1050 2247 1119 M.

299 1145 644 1220 Valerium
666 1189 689 1227 ‚
722 1142 1024 1215 tribunos
1064 1143 1346 1215 militum
1370 1198 1388 1226 ,
1429 1168 1578 1214 cum
1616 1142 1851 1242 quibus
1873 1143 1950 1215 ad
1971 1145 2247 1240 primam

298 1246 511 1319 aciem
546 1266 968 1343 procurrerat
989 1286 1012 1324 ,
1050 1242 1145 1314 ire
1165 1243 1243 1315 ad
1264 1242 1524 1342 equites
1544 1243 1765 1336 jubet:
1805 1252 1868 1317 &
1887 1242 2249 1327 adhortari,

299 1364 376 1417 ut
396 1343 441 1416 si
460 1343 730 1444 quando
764 1367 1076 1441 umquam
1115 1340 1403 1441 equestri
1417 1366 1551 1439 ope
1573 1343 1861 1436 adjutam
1885 1343 2245 1439 rempubli-

300 1467 450 1531 cam
484 1440 950 1528 meminerint3
991 1441 1114 1511 illo
1134 1441 1240 1513 die
1260 1443 1678 1521 annitamur,
1716 1464 1784 1511 ut
1819 1443 2070 1513 ordinis
2107 1445 2247 1535 ejus

346 1541 582 1614 loriam
597 1540 908 1612 invictam
929 1538 1262 1638 praestent.
1314 1539 1617 1613 Peditum
1636 1541 1993 1613 certamine
2008 1542 2253 1612 immo-

292 1569 506 1712 {ilem
528 1639 786 1714 hostem
812 1640 1090 1715 restare:
1128 1664 1401 1711 omnem
1423 1639 1741 1737 reliquam
1762 1636 1939 1737 spem
1959 1640 2025 1711 in
2043 1640 2256 1737 impe-

292 1759 367 1810 tu
384 1734 512 1812 effe
529 1739 855 1840 equitum.
886 1750 953 1817 δι
976 1735 1155 1836 ipsos
1177 1738 1571 1810 nominatim
1589 1740 1860 1832 juvenes
1885 1740 2021 1837 pari
2040 1742 2257 1812 comi-

292 1859 432 1912 tate
452 1860 845 1939 utrumque,
879 1864 1055 1912 nunc
1093 1837 1396 1911 laudibus
1438 1862 1608 1910 nunc
1646 1840 1965 1936 promiffis
1994 1862 2249 1914 onerat.

290 1942 630 2012 Caeterum
647 1940 916 2040 quando
939 1963 1022 2012 ne
1049 1961 1129 2011 ea
1149 1962 1422 2037 quoque
1460 1958 1712 2009 tentata
1744 1940 1840 2011 vis
1864 1937 2249 2037 proficeret,

290 2036 568 2111 confilio
580 2036 987 2139 grassandum
1009 2084 1031 2119 ‚
1073 2037 1120 2109 si
1136 2037 1299 2109 nihil
1323 2038 1490 2109 vires
1507 2040 1810 2132 juvarent
1836 2059 2054 2119 ,ratus
2068 2072 2092 2133 3
2110 2041 2252 2113 Sci·

291 2138 564 2238 pionem
600 2139 896 2240 legatum
919 2195 939 2223 ‚
976 2137 1261 2212 hastatos
1301 2137 1527 2236 primae
1562 2138 1847 2239 legionis
1866 2135 2249 2225 subtrahere

292 2263 375 2310 ex
398 2240 559 2321 acie,
577 2246 642 2313 δι
665 2239 748 2311 ad
765 2260 1032 2310 montes
1054 2238 1397 2335 proximos
1418 2283 1438 2318 ,
1458 2262 1656 2336 quam
1675 2236 1883 2334 poffet
1898 2238 2256 2310 occultiffi-

294 2362 405 2411 me
427 2393 446 2421 ,
461 2339 954 2409 circumducere
970 2336 1155 2427 jubet
1175 2363 1194 2405 z
1216 2335 1370 2406 inde
1389 2331 1649 2405 ascensu
1670 2335 1902 2407 abdito
1921 2337 1955 2406 a
1977 2333 2254 2433 conspe·

293 2438 405 2507 ἂιι
423 2436 678 2533 erigere
697 2435 766 2503 in
785 2455 1050 2504 montes
1070 2457 1103 2502 a
1157 2456 1312 2502 men
1334 2474 1356 2508 ‚
1379 2428 1741 2529 aversoque
1765 2433 1931 2504 hosti
1951 2433 2033 2503 ab
2055 2456 2248 2532 tergo

293 2555 571 2630 repente
594 2528 657 2603 se
674 2529 1051 2602 ostendere.
1097 2459 1380 2627 {quites
1402 2528 1715 2611 ‚ducibus
1742 2532 2017 2602 tribunis
2037 2578 2059 2612 ‚
2079 2532 2248 2605 haud

292 2632 512 2706 multo
534 2632 680 2729 plus
702 2628 999 2703 hostibus
1021 2654 1218 2729 quam
1240 2625 1390 2713 suiS,
1413 2653 1494 2700 ex
1514 2628 1874 2726 improviso
1896 2652 2048 2702 ante
2072 2632 2248 2732 ligna

292 2730 537 2811 ενεᾶἱ,
557 2729 982 2828 praebuerunt
1005 2730 1359 2801 tumultus.
1406 2725 1742 2801 Adversus
1775 2731 2073 2801 incitatas
2112 2754 2249 2802 tur·

289 2855 437 2905 mas
456 2829 631 2902 stetit
646 2830 931 2902 immota
951 2829 1345 2902 Samnitium
1369 2828 1565 2908 acies,
1588 2852 1708 2900 nec
1731 2852 1919 2928 parte
1941 2833 2070 2902 ulla
2088 2833 2248 2930 pelli

253 2966 256 2971 ·
286 2952 401 3003 aut
430 2930 765 3031 perrumpi
794 2928 1044 3026 potuit.
1111 2931 1203 3002 Et
1239 2925 1588 3027 postquam
1620 2928 1875 3000 irritum
1911 2931 2251 3027 inceptum

285 3052 474 3118 erat,
500 3029 753 3128 recepti
784 3026 932 3129 post
974 3026 1154 3130 figna
1234 3030 1417 3099 raelio
1434 3024 1863 3102 excess'erunt.
1910 3031 2147 3101 Crevit
2166 3056 2249 3101 ex

288 3154 378 3201 eo
396 3128 685 3203 hostium
703 3131 956 3201 animus
979 3172 1002 3209 ‚
1043 3154 1166 3202 nec
1187 3055 1496 3200 fustinere
1519 3122 1702 3197 frons
1722 3128 1929 3224 prima
1949 3150 2084 3214 tarn
2105 3130 2257 3199 lon-

343 3253 452 3297 um
481 3250 818 3300 certamen
839 3225 1453 3326 increscentemque
1479 3224 1717 3298 fiducia
1734 3225 1822 3299 sui
1840 3229 1974 3299 vim
2000 3225 2255 3325 potuis-

318 3347 429 3408 et‚
471 3326 510 3377 ¹2
531 3327 597 3397 ni
619 3323 899 3400 secunda
915 3330 1086 3401 acies
1121 3324 1281 3424 juffu
1304 3323 1587 3399 consulis
1607 3328 1674 3398 in
1697 3330 1982 3427 primum
2005 3323 2255 3401 succes-

2059 3424 2253 3499 fiss'et.

1298 3573 1431 3621 rinm-
1461 3573 1623 3633 Neque
1634 3570 1803 3617 mirum
1829 3583 1954 3633 patre
1981 3571 2254 3635 imperatore

365 3586 380 3617 ι
413 3575 498 3622 M.
527 3568 734 3619 fulvum
761 3567 819 3622 θ’
846 3573 921 3619 Μ·
953 3572 1231 3632 mamm]
1302 3638 1450 3688 filium
1463 3632 1681 3685 militane·
1693 3638 1942 3687 tribunum·

295 3641 408 3686 Duo
422 3633 543 3687 Voss’.
562 3642 611 3687 &
630 3638 720 3685 Th.
734 3640 992 3687 Maximam
1007 3640 1230 3690 Fulvium.

291 3710 351 3752 Vt
364 3720 523 3754 verum
539 3701 744 3754 videatur
759 3739 774 3761 ‚
801 3701 927 3768 quod
937 3706 999 3754 est
1010 3711 1059 3755 in
1076 3707 1230 3754 Helm.

1373 3708 1404 3755 k
1436 3706 1702 3772 lecunda
1725 3708 1836 3757 acies
1851 3707 1979 3771 juffu
2000 3706 2182 3768 consulis
2208 3708 2258 3755 in

283 3775 340 3827 lt
352 3775 463 3825 Rot.
482 3776 753 3828 dia-vim
766 3772 921 3837 filiunt
935 3775 990 3828 θ’
1007 3780 1085 3830 Μ.
1101 3778 1227 3849 ἴοιε-

1302 3777 1498 3844 primm
1510 3772 1774 3841 successtffie.
1798 3782 1821 3839 J
1846 3775 1977 3826 Abse
1989 3774 2159 3825 fatetur
2170 3774 2257 3825 ess'e

1523 3845 1560 3891 B
1578 3842 1607 3892 b
1623 3844 1653 3892 b
1676 3859 1708 3903 4
2025 3844 2256 3911 Sigonius,
