2593 4366
351 190 508 266 404
1056 164 1152 236 T.
1245 169 1305 236 L
1358 187 1386 237 ι
1436 189 1481 237 v
1536 186 1563 234 x
1622 187 1651 235 1
1837 256 1844 263 ²

374 263 675 365 prodigia
698 310 718 346 ,
756 262 860 337 sed
879 265 1011 358 jam
1045 281 1323 335 eventus
1350 311 1371 344 ‚
1407 258 1842 361 pestilentiam
1867 259 2035 359 agris
2058 260 2341 362 urbique

380 370 660 447 illatam,
687 364 855 436 haud
875 362 1067 432 dubia
1084 364 1179 431 ira
1202 361 1457 458 Defim.
1479 385 1647 462 quos
1668 360 1859 460 pestis
1882 364 2020 453 ejus
2043 366 2345 438 arcenda:

389 460 592 536 causs'a
629 462 984 558 placandos
1002 455 1163 540 effe,
1200 463 1269 532 in
1302 461 1482 532 libris
1517 461 1843 532 Fatalibus
1879 462 2216 532 inventum
2240 463 2343 533 sit.
2418 537 2431 550 ,

391 563 708 635 Comitiis
727 619 744 645 ,
770 558 1095 657 auspicato
1119 586 1262 657 quae
1286 560 1519 632 fierent
1537 605 1558 639 ‚
1601 562 1940 659 indignum
1964 562 2113 630 Diis
2136 559 2345 633 visum

386 662 676 734 honores
696 661 971 758 vulgari,
987 655 1484 756 discriminaque
1504 660 1800 756 gentium
1825 657 2354 732 confundi.Prae-

388 783 689 857 terquam
710 756 1051 853 majestate
1069 759 1433 853 petentium
1456 811 1475 840 ,
1491 777 1495 783 ·
1511 758 1831 855 religione
1862 759 2061 829 etiam
2083 760 2353 830 attoniti

388 859 722 941 homines,
741 858 1046 954 patricios
1068 881 1337 938 omnes,
1358 878 1607 954 partem
1633 880 1938 955 magnam
1975 857 2355 928 honoratis-

388 957 620 1029 sunum
644 981 999 1055 quemque,
1020 955 1320 1025 tribunos
1345 956 1623 1026 militum
1661 950 1985 1026 consulari
2017 956 2345 1050 potestate

390 1081 723 1138 creavere,
748 1062 823 1125 L.
852 1056 1188 1126 Valerium
1211 1054 1502 1127 Potitum
1525 1054 1851 1151 quintum,
1877 1057 1970 1124 M.
1998 1057 2340 1127 valerium

387 1157 757 1229 Maximum
778 1201 797 1234 ‚
838 1157 934 1226 Μ.
967 1155 1224 1222 Furium
1274 1154 1637 1224 Camillum
1668 1153 1903 1224 iterum
1929 1196 1947 1231 ‚
1980 1157 2056 1222 L.
2079 1156 2344 1225 Furium

389 1256 832 1329 Medullinum
852 1252 1115 1326 tertium
1138 1295 1161 1330 ‚
1202 1251 1655 1350 QServilium
1675 1252 2054 1321 Fidenatem
2076 1252 2342 1335 iterum,

391 1355 617 1443 QSul
629 1353 863 1450 picium
887 1352 1311 1420 Camerinum
1336 1352 1728 1421 iterum.His
1744 1349 2020 1436 tribunis
2040 1352 2116 1422 ad
2132 1352 2342 1423 Veios

390 1451 553 1521 nihil
568 1451 923 1523 admodum
946 1448 1381 1520 memorabile
1396 1452 1612 1520 aetum
1634 1447 1753 1520 est·.
1778 1471 1919 1520 tota
1935 1450 2030 1520 vis
2052 1450 2116 1519 i'n
2135 1474 2349 1548 popu-

389 1550 746 1621 lationibus
767 1544 913 1619 fuit.
966 1552 1128 1619 Duo
1150 1545 1383 1619 summi
1406 1550 1837 1646 imperatores
1855 1605 1873 1632 ,
1894 1552 2149 1622 Potitus
2170 1549 2204 1618 a
2232 1551 2349 1619 Fa-

392 1650 590 1731 leriis,
612 1641 931 1725 Camillus
953 1647 987 1717 a
1010 1649 1284 1742 Capena
1309 1649 1554 1745 praedas
1572 1649 1874 1747 ingentes
1894 1647 2133 1747 egere}
2171 1648 2346 1719 nulla

257 1771 368 1847 Ἰ,15
392 1748 705 1819 incolumi
724 1748 950 1817 relicta
973 1746 1176 1823 re,cui
1200 1742 1376 1818 ferro
1400 1768 1506 1816 aut
1526 1748 1662 1845 igni
1683 1750 1904 1818 noceri
1925 1746 2157 1844 poss'et.
2183 1755 2348 1820 Pro-

389 1847 566 1944 digia
586 1846 848 1920 interim
875 1847 1079 1915 multa
1100 1845 1420 1930 nunciari3
1446 1871 1728 1943 quorum
1749 1848 2084 1944 pleraque,
2102 1856 2167 1918 δι
2193 1845 2345 1943 quia

379 1944 619 2043 'singuli
639 1947 939 2015 aufiores
955 1961 1164 2022 erant,
1184 1968 1405 2040 parum
1424 1943 1669 2013 credita
1684 1940 1723 2013 s
1712 1959 2063 2041 pretaquei
2106 1953 2170 2017 δι
2194 1944 2348 2039 quia

388 2043 686 2115 hostibus
710 2043 1021 2125 Etruscis,
1056 2066 1216 2138 yper
1238 2066 1406 2139 quos
1429 2067 1505 2111 ea
1527 2064 1952 2136 procurarent
1976 2097 1994 2125 ,
2022 2037 2342 2136 aruspices

392 2168 529 2215 non
551 2163 758 2214 erant.
780 2144 845 2212 in
860 2166 1056 2213 unum
1075 2142 1371 2213 omnium
1387 2165 1552 2212 curae
1570 2136 1763 2211 versae
1785 2136 1951 2222 sunt,
1969 2141 2148 2240 quod
2171 2144 2346 2213 lacus

390 2243 460 2312 in
476 2241 743 2314 Albano
767 2266 1040 2312 nemore
1075 2240 1200 2311 fine
1220 2241 1368 2310 ullis
1391 2239 1763 2312 coelestibus
1786 2243 1968 2337 aquis
1993 2285 2015 2319 ‚
2053 2236 2345 2312 cauffave

388 2364 519 2440 qua
542 2342 695 2436 alia,
710 2334 852 2438 qu'ae
871 2341 1348 2431 remJniraculo
1366 2342 1706 2421 eximeret,
1728 2339 1794 2409 in
1815 2340 2220 2411 altitudinem
2240 2340 2350 2410 in'-

385 2440 646 2513 solitam
674 2440 904 2510 crevit.
957 2439 1311 2535 Qidnam
1346 2464 1431 2509 eo
1464 2440 1576 2509 Dii
1617 2439 2088 2535 portenderent
2122 2439 2352 2535 prodi-

384 2543 525 2648 εἰσ,
549 2537 714 2610 miffi
737 2536 1123 2608 sciscitatum
1142 2560 1445 2610 oratores
1471 2537 1547 2610 ad
1567 2532 1970 2633 Delphicum
1990 2539 2348 2610 oraculum:

390 2640 499 2710 led
564 2639 836 2735 propior
889 2639 1213 2732 interpres
1273 2633 1423 2707 fatis
1476 2632 1757 2705 'oblatus
1809 2633 2024 2708 senior
2084 2638 2350 2735 quidam

390 2736 669 2815 Veiens,
693 2737 804 2833 qui
828 2736 998 2805 inter
1019 2737 1403 2806 cavillantes
1439 2735 1505 2805 in
1527 2733 1909 2807 stationibus
1950 2761 2018 2806 ac
2043 2736 2350 2807 custodiis

394 2836 638 2907 milites
664 2836 1007 2905 Romanos
1030 2831 1471 2929 Etruscosque
1494 2879 1514 2915 ,
1545 2835 1957 2905 vaticinantis
1990 2839 2054 2902 in
2077 2833 2352 2905 modum

399 2934 661 3011 cecinit,
688 2930 1016 3025 Priusquam
1033 2954 1108 3000 ex
1126 2934 1254 3002 lacu
1270 2935 1481 3001 Albam
1499 2955 1649 3024 aqua
1664 2930 2021 3027 emiffitforet,
2041 2954 2352 3021 numquam

393 3035 867 3127 potiturumifeiis
888 3044 1213 3099 Romanum.
1267 3036 1489 3128 Qod
1527 3037 1741 3129 primo
1771 3035 1944 3103 velut
1978 3032 2227 3102 temere
2260 3031 2355 3120 ja·

401 3136 578 3202 stum
615 3126 865 3224 sperni,
904 3130 1131 3225 agitari
1167 3130 1407 3201 deinde
1445 3128 1851 3202 sermonibus
1881 3149 2179 3220 coeptum
2214 3127 2352 3216 est·,

397 3233 613 3301 donec
658 3252 817 3296 unus
859 3253 940 3296 ex
978 3227 1254 3298 statione
1293 3232 1600 3300 Romana
1640 3230 2093 3327 percunciatus
2134 3230 2363 3324 proxi·

398 3355 579 3401 mum
600 3328 1082 3423 oppidanorum
1109 3330 1275 3418 (jam
1291 3353 1408 3425 per
1422 3330 1976 3429 longinquitatem
1994 3325 2360 3399 bellicoru-

2105 3449 2356 3498 mereto

472 3584 504 3623 7
548 3575 627 3619 Per
651 3575 752 3639 quoi
778 3587 827 3618 ea
847 3573 1157 3635 procurarent]
1197 3570 1272 3617 εἷς’
1295 3571 1348 3619 δε
1415 3577 1735 3633 portentorum
1761 3596 1773 3628 t
1803 3572 1855 3622 ὅ(
1884 3572 1937 3619 e'a
1959 3572 2101 3636 gratia
2132 3587 2223 3620 rem
2246 3569 2365 3619 divi-

408 3637 602 3684 Cic.l'b.
628 3654 665 3689 2.
680 3638 737 3685 de
752 3638 900 3701 Legib.
943 3637 1012 3684 1².st
1038 3651 1350 3704 autempmu-
1418 3654 1518 3684 nam
1544 3641 1693 3700 facere
1714 3674 1726 3695 ‚
1768 3641 1833 3688 est
1870 3640 2072 3687 monstra
2112 3650 2366 3699 procurare.

408 3706 535 3760 ratio,
549 3704 833 3760 sacrificium,
850 3703 974 3767 quod
986 3703 1039 3752 fit
1055 3702 1113 3752 ad
1123 3701 1349 3768 depulsio·
1418 3705 1611 3755 Turneb.
1631 3710 1678 3754 in
1690 3707 1782 3757 loc.
1799 3710 1896 3759 Cic.
1910 3708 2167 3775 allegatum.
2186 3708 2369 3755 Θυίαι-

402 3781 510 3817 ίκῐυ
527 3777 577 3823 ὁ(
605 3775 913 3837 expiationem
956 3771 1268 3823 monstrorum
1292 3777 1342 3823 ὅ(
1414 3790 1537 3823 vam·
2136 3827 2157 3841 .›
2345 3836 2355 3849 ι
