2593 4366
474 87 518 155 8
1036 77 1125 147 T.
1227 75 1289 147 L
1342 98 1376 145 a
1427 100 1474 145 v
1522 97 1552 145 1
1605 95 1642 147 1

359 102 704 255 ἐξετάσω
729 176 916 249 Ovio
937 174 1175 251 Paccio
1213 174 1508 272 quodam
1529 220 1552 254 ‚
1597 173 1869 248 homine
1890 203 2140 279 magno
2155 207 2363 276 natu,

359 278 556 382 quise
576 281 642 352 id
662 276 911 349 sacrum
930 297 1154 375 petere
1175 274 1547 346 affirmabat
1565 300 1648 346 ex
1672 275 1922 348 vetusta
1938 284 2345 366 Samnitium

363 381 724 480 religione:
774 401 904 476 qua
935 374 1276 474 quondam
1320 373 1410 445 usi
1444 377 1730 467 majores
1770 401 2002 449 eorum
2044 377 2342 474 fuissent,

414 507 568 552 uum
606 477 965 548 adimenda:
1005 470 1295 546 Etruscis
1341 477 1587 581 Capuae
1625 476 2101 552 clandestinum
2126 485 2341 582 cepis·

360 505 503 654 ssent
521 576 891 650 confilium.
940 572 1276 647 Sacrificio
1318 575 1657 670 perie6tO,
1692 600 1811 672 per
1842 578 2172 654 viatorem
2208 588 2344 659 im..

361 701 633 778 perator
650 677 844 748 acciri
887 674 1162 767 jubebat
1198 669 1669 743 nobiliffimum
1711 700 2054 777 quemque
2085 707 2337 781 genere

361 777 704 876 factisque.
744 774 980 873 singuli
1016 772 1635 844 introducebantur.
1692 777 1856 846 Erat
1896 804 2109 876 quum
2159 787 2330 858 alius

363 899 710 977 apparatus
732 871 894 944 sacri
916 915 937 954 ,
977 876 1090 971 qui
1114 868 1499 969 perfundere
1521 874 1843 972 religione
1866 879 2166 953 animum
2186 883 2339 982 pos-

360 976 500 1051 set:
539 999 681 1048 tum
702 974 768 1045 in
789 975 942 1045 loco
968 975 1140 1045 circa
1159 971 1346 1043 omni
1365 974 1686 1044 contedzo
1707 999 1829 1068 περ
1849 974 1916 1045 in
1943 984 2176 1052 medio
2197 1035 2217 1065 ,
2239 985 2340 1056 vi-

362 1078 714 1176 &imaeque
737 1074 908 1147 circa
929 1070 1199 1152 caesae‚&
1220 1070 1716 1144 circumstantes
1743 1078 2163 1151 centuriones
2182 1082 2336 1154 stri..

362 1178 487 1250 &is
530 1175 789 1276 gladiis.
843 1171 1354 1245 Admovebatur
1391 1171 1708 1243 altaribus
1749 1173 1944 1246 miles
1971 1222 1993 1257 ,
2027 1181 2222 1278 magis
2245 1203 2319 1253 ut

363 1277 671 1352 victima.
713 1298 911 1374 quam
933 1294 1004 1344 ut
1023 1267 1185 1343 sacri
1205 1269 1572 1368 particepst
1618 1271 2131 1376 adigebaturque
2148 1283 2321 1372 jute-

363 1375 817 1473 jurando,quae
832 1369 965 1443 visa
984 1371 1335 1469 auditaque
1354 1371 1421 1441 in
1434 1395 1519 1442 eo
1538 1372 1695 1444 loco
1711 1367 1947 1455 essent,
1965 1402 2102 1449 non
2121 1404 2331 1452 enun-

363 1477 710 1548 ciaturum.
762 1473 937 1545 Dein
983 1473 1197 1565 jurare
1220 1495 1302 1541 co
1355 1470 1589 1541 ebatur
1609 1471 1758 1542 diro
1777 1475 2074 1571 quodam
2095 1481 2330 1551 carmi·

364 1579 531 1649 nein
547 1575 1036 1647 execrationem
1056 1569 1287 1668 capitis
1308 1497 1707 1669 {amiliaeque
1722 1582 1787 1648 δι
1810 1572 2021 1673 stirpis
2045 1603 2334 1677 compo-

368 1675 517 1755 sito,
539 1673 654 1746 nifi
671 1668 814 1744 iffet
833 1675 901 1744 in
923 1671 1244 1770 praefium,
1264 1696 1400 1770 quo
1417 1671 1856 1767 imperatores
1876 1673 2234 1750 duxissent:
2260 1689 2328 1753 δι

369 1775 416 1846 si
437 1797 546 1846 aut
564 1770 698 1871 ipse
719 1800 799 1846 ex
822 1775 958 1844 acie
992 1765 1249 1870 fugisset
1275 1816 1296 1850 ‚
1336 1792 1444 1841 aut
1462 1769 1503 1841 fi
1518 1795 1721 1869 quem
1743 1770 2111 1873 fugientem
2130 1776 2329 1849 vidis-

365 1872 490 1958 set,
509 1899 644 1943 non
663 1874 1007 1967 extemplo
1028 1865 1484 1941 occidiffet.1d
1508 1870 1725 1966 primo
1745 1874 2011 1970 quidam
2030 1876 2330 1947 abnuen-

366 1994 467 2044 tes
483 1975 809 2064 juraturos
832 1971 895 2039 se
914 2013 935 2047 ‚
965 1967 1348 2040 obtruncati
1368 1969 1539 2040 circa
1564 1972 1788 2041 altaria
1806 1970 1987 2043 sunt:
2025 1978 2325 2067 jacentes

347 2071 609 2158 *deinde
627 2070 798 2140 inter
831 2067 1110 2166 stragem
1135 2069 1547 2139 victimarum
1567 2125 1586 2152 ,
1622 2071 2024 2141 documento
2057 2077 2325 2147 caeteris

368 2168 588 2251 fuere,
628 2196 711 2242 ne
735 2168 1119 2240 abnuerent.
1173 2167 1583 2242 Primoribus
1604 2169 1973 2244 Samnitium
2010 2196 2091 2242 ea
2129 2174 2334 2248 dete-

370 2272 653 2344 statione
681 2268 1054 2349 obsti-istis,
1093 2268 1329 2347 decem
1363 2270 1716 2342 nominatis
1753 2269 1831 2342 ab
1865 2273 2324 2368 imperatore,

367 2375 463 2446 eis
501 2372 754 2444 dictum
779 2422 802 2455 ,
833 2390 905 2439 ut
947 2370 1046 2440 vir
1084 2369 1295 2441 virum
1339 2369 1398 2440 le
1449 2392 1636 2442 erent
1676 2415 1699 2450 ‚
1731 2371 1939 2442 donec
1979 2372 2325 2447 sexdecim

366 2472 649 2544 millium
690 2494 1036 2541 numerum
1085 2396 1513 2541 confeeiflgnt
1552 2499 1571 2543 z
1627 2479 1649 2507 ²
1683 2494 1762 2542 ea
1805 2470 1989 2570 legio
2041 2474 2328 2547 linteata

2201 2586 2223 2626 ³
2243 2575 2327 2645 ab

366 2691 741 2746 nonestdnbium
756 2690 1121 2760 quinadlibmm
1148 2695 1308 2744 refera-
1386 2698 1729 2749 racemhabens·
1763 2694 2027 2757 Sedobslat,
2041 2696 2172 2765 quod
2184 2704 2334 2751 Livius

366 2780 463 2814 tut:
495 2766 572 2813 hic
595 2763 985 2813 enimestseusus:
1016 2762 1305 2812 ineolinteis
1386 2764 1509 2815 dicat
1537 2788 1552 2815 z
1582 2783 1709 2816 arma
1733 2765 1924 2833 insignia
1950 2773 2002 2820 δ(
2028 2770 2176 2833 galeas
2201 2771 2331 2820 huius

363 2834 708 2882 conteotoloco
719 2848 775 2880 ex
790 2834 952 2880 vetetis
981 2827 1080 2876 libri
1094 2829 1221 2879 liutei
1236 2832 1280 2879 le
1387 2835 1580 2898 legionis
1592 2837 1814 2885 militibus
1826 2832 1932 2885 data
1949 2872 1963 2893 ,
1992 2852 2090 2885 non
2101 2838 2328 2899 ergolori·

363 2904 517 2951 &ione
540 2899 838 2950 sacrificatum
862 2899 956 2955 est,
984 2899 1111 2947 Ovio
1138 2902 1304 2948 Paccio
1385 2918 1458 2952 cas
1475 2904 1611 2953 lineas
1627 2939 1642 2962 ,
1677 2920 1786 2968 quas
1811 2921 1935 2954 certe
1960 2920 2056 2953 non
2078 2899 2328 2957 micuisti,

358 2968 561 3036 quodam
571 2966 801 3019 sacerdote
810 2984 907 3018 tem
917 2965 1122 3018 divinam
1134 2965 1302 3016 facien·
1388 2969 1609 3034 liquidem
1623 2988 1726 3020 aute
1744 2973 1875 3031 lib.4.
1893 2976 2149 3022 meminerat
2161 2970 2326 3018 thora-

360 3054 420 3088 ιε.
454 3042 671 3106 Sigonius.
1384 3041 1446 3085 cis
1463 3040 1570 3089 linei
1586 3039 1613 3090 a
1627 3035 2333 3098 coub,ime1feao·r01umnio.

431 3123 458 3153 a
490 3110 676 3175 Belegia
689 3107 913 3165 linteata-'l
933 3099 1133 3170 Quidam
1147 3099 1305 3172 dixere
1385 3103 1602 3173 adempto
1619 3145 1634 3166 ,
1661 3112 1774 3156 acin
1791 3110 1972 3172 templo
1996 3111 2119 3156 lovis
2146 3110 2338 3157 Feretrii

361 3178 590 3245 Legionem
616 3178 845 3224 linteam
872 3170 1040 3221 dietam
1061 3206 1076 3228 .
1100 3188 1160 3220 eo
1174 3170 1303 3237 quod
1381 3177 1564 3225 sacrato.
1585 3183 1799 3224 Ptaetetea
1814 3182 2071 3227 Samnitum
2085 3180 2343 3241 legionem,

359 3245 512 3293 linteis
525 3243 680 3292 loricis
704 3244 778 3291 seu
794 3242 1053 3289 thoracibus
1070 3255 1291 3288 armaten·
1384 3246 1533 3305 inquit
1563 3278 1576 3300 ,
1607 3246 1844 3293 limenun·
1876 3243 2047 3294 diiiam
2074 3246 2129 3293 ab
2160 3249 2340 3308 inregu-

359 3328 456 3361 tut:
479 3313 709 3377 Antiquos
723 3326 833 3359 veto
847 3309 999 3356 linteis
1010 3309 1163 3355 loricis
1176 3311 1299 3367 usos,
1388 3326 1546 3358 mento
1561 3312 1765 3374 consepti
1786 3350 1799 3368 .
1831 3330 1928 3377 quo
1938 3317 2104 3363 sacram
2117 3315 2341 3362 nobilitas

356 3383 562 3430 constare
575 3383 716 3429 aiunt.
758 3384 910 3438 Nepos
925 3380 975 3427 in
989 3380 1081 3425 vita
1103 3378 1290 3440 iphicra-
1384 3394 1504 3426 etati
1535 3384 1583 3429 δι
1604 3380 1740 3443 paulo
1752 3382 1881 3445 iirpta
1892 3378 2074 3430 dixerat
2090 3418 2104 3438 ,
2129 3393 2343 3444 paratum

357 3453 417 3498 tis
435 3489 446 3505 .
463 3450 647 3506 scribit,
677 3449 807 3496 illum
823 3443 1169 3494 Atheniensibus
1184 3445 1292 3492 loti·
1383 3448 1537 3495 lucum
1553 3450 1597 3493 in
1613 3449 1765 3496 castris
1777 3451 1929 3497 linteis
1943 3456 2217 3498 centenum.
2240 3453 2345 3495 Po·

358 3520 605 3568 caslinteas
619 3533 704 3581 pto
719 3518 853 3564 aeneis
870 3510 1096 3564 tradidisse
1115 3550 1129 3570 ,
1155 3529 1205 3562 ut
1217 3530 1295 3561 ex·
1387 3517 1553 3563 liremo
1579 3532 1772 3569 omnem
1799 3519 2007 3579 scrupum
2032 3514 2198 3566 adimit
2225 3517 2345 3564 resti

355 3584 603 3649 peditiores
645 3587 695 3631 in
734 3584 923 3632 militari
956 3581 1121 3633 officio
1141 3578 1280 3630 ess'ent
1386 3585 1664 3642 authoritas,
1698 3586 1773 3647 qui
1802 3584 1880 3632 lib.
1918 3598 1972 3633 ao
2015 3586 2155 3650 paulo
2180 3585 2286 3650 post
2316 3582 2348 3631 λ

358 3658 479 3703 Tum
495 3655 552 3702 ab
569 3658 715 3702 Hom.
735 3648 861 3700 iliad.
880 3667 916 3698 a.⁴
936 3652 1051 3699 Aiax
1070 3648 1299 3700 Locrenlis
1386 3655 1608 3715 principio
1623 3652 1774 3703 scribit
1792 3689 1804 3709 ,
1823 3656 2085 3701 Samnitum
2101 3655 2345 3716 legionem

355 3714 1298 3789 Muffiipnfidlstuastdeststinteumtho·
1381 3724 1618 3777 linteum
1644 3721 1916 3789 appellatam
1950 3720 1981 3770 d
2008 3723 2181 3775 Livio.
2213 3715 2350 3784 quod

2064 3794 2070 3802 ‘
2108 3795 2365 3840 Samnites
