2593 4366
487 223 497 230 ,
672 223 677 228 .
928 225 933 229 ι
1055 138 1115 210 L
1164 163 1194 211 1
1246 163 1285 210 n
1331 161 1371 212 Β
1414 161 1467 216 R
1558 143 1627 214 V
1650 142 1708 211 1.
2198 167 2339 242 515

339 264 594 318 ventura
608 237 822 320 omnia,
847 239 946 330 qui
951 236 1047 307 bus
1063 243 1272 329 patrici
1277 244 1295 306 i
1318 240 1602 318 excellant
1617 273 1640 331 3
1654 243 1957 332 imperium
1970 263 2148 334 atque
2162 247 2333 317 hono·

345 365 488 427 rem,
493 344 742 436 gloriam
763 339 906 420 belli,
920 359 1120 429 genus,
1148 338 1529 423 nobilitatem,
1544 363 1751 431 magna
1774 343 1894 436 ipfis
1901 342 2174 433 fruenda,
2194 371 2326 416 ma-

332 444 468 541 j'ora
484 443 674 511 liberis
695 437 1082 528 relinquenda.
1136 440 1352 530 Hujus
1369 440 1627 536 generis
1656 444 1992 515 orationes
2014 443 2124 516 ubi
2144 447 2319 516 acci-

343 543 412 640 pi
469 542 695 611 videte
730 566 750 625 ς
799 562 1038 608 novam
1088 539 1507 634 rogationem
1559 542 1978 639 promulgant
2002 588 2022 623 ,
2073 566 2145 612 ut
2186 569 2313 640 pro

341 640 700 712 duumviris
735 634 922 707 sacris
967 632 1285 708 faciundis
1319 637 1680 708 decemviri
1714 664 2016 716 creentur
2042 653 2061 712 't
2084 686 2088 690 <
2110 644 2199 712 ita
2238 665 2312 716 ue

343 730 493 837 pars
513 763 593 809 ex
616 736 838 834 plebe,
853 760 994 832 pars
1016 760 1096 805 ex
1117 734 1417 807 Patribus
1440 734 1552 805 fiat
1575 763 1592 806 ε
1629 739 2057 840 omniumque
2079 767 2307 813 earum

345 837 768 936 rogationum
809 834 1079 905 comitia
1107 834 1174 903 in
1207 835 1561 905 adventum
1601 837 1740 926 ejus
1774 843 2097 910 exercitus
2118 838 2309 914 diffe-

344 936 930 1033 runt,quiVelitras
951 932 1511 1007 obsidebat-Prius
1536 933 1964 1007 circumaetus
1983 939 2076 1011 est
2101 966 2303 1013 annus
2325 934 2416 1029 38

342 1057 540 1133 quam
560 1035 872 1108 &Velitris
892 1033 1357 1105 reducerentur
1377 1033 1788 1131 legiones.ita
1801 1031 2090 1133 suspensa
2109 1039 2191 1110 de
2211 1042 2312 1111 le·-

343 1133 534 1233 gibus
559 1158 686 1210 res,
709 1133 788 1203 ad
811 1156 1022 1203 novos
1046 1133 1343 1203 tribunos
1364 1133 1645 1203 militum
1668 1133 1889 1205 dilata.
1916 1161 2063 1206 nam
2085 1138 2305 1234 plebis

343 1233 644 1303 tribunos
666 1228 1144 1315 eosdem,duos
1168 1232 1394 1330 utique
1428 1232 1537 1330 qui
1556 1233 1776 1329 legum
1810 1235 2050 1307 latores
2092 1259 2309 1319 erant,

342 1332 574 1429 plebes
591 1331 950 1402 reficiebat.
1001 1333 1286 1402 Tribuni
1305 1332 1586 1401 militum
1607 1333 1910 1404 creatiT.
1946 1336 2307 1432 Qintiu5‚

342 1438 479 1504 Ser.
508 1431 907 1512 CorneliuS,
947 1436 1085 1502 Ser.
1107 1430 1465 1527 Sulpiciu3‚
1503 1432 1967 1528 Sp-Serviliu8‚
2005 1441 2088 1504 L.
2118 1437 2311 1532 Papi-

341 1532 473 1601 rius
499 1576 520 1610 ,
559 1536 636 1601 L.
662 1529 997 1602 Veturius.
1049 1530 1382 1625 Principio
1412 1527 1629 1599 statim
1666 1529 1858 1611 anni,
1898 1532 1977 1602 ad
2004 1533 2305 1607 ultimam

343 1630 832 1702 dimicationem
848 1629 929 1699 de
949 1628 1202 1728 legibus
1227 1650 1531 1699 ventum:
1570 1637 1635 1702 δι
1656 1655 1856 1727 quum
1879 1630 2084 1701 tribus
2106 1658 2309 1704 voca-

346 1751 610 1809 rentur,
632 1754 752 1800 nec
785 1726 1160 1799 intercessio
1200 1729 1609 1826 collegarum
1646 1729 1964 1800 latoribus
1987 1730 2307 1817 obstaretg

340 1828 581 1924 trepidi
601 1836 821 1901 Patres
845 1828 924 1898 ad
942 1826 1075 1899 duo
1095 1827 1324 1898 ultima
1341 1827 1598 1905 auxilia,
1618 1823 1937 1900 summum
1958 1830 2308 1928 imperium

342 1922 798 2026 summumque
822 1926 899 1996 ad
918 1925 1130 1998 civem
1150 1926 1529 1997 decurrunt.
1576 1927 1994 2001 Distatorem
2015 1930 2145 2001 dici
2165 1933 2308 2027 pla-

344 2048 472 2098 cet.
494 2026 728 2096 dicitur
751 2026 1083 2100 M.Furius
1105 2027 1454 2106 CamilluS,
1473 2026 1584 2124 qui
1605 2026 1982 2126 magistrum
2002 2031 2306 2127 equitum
2346 2075 2347 2078 =

344 2128 424 2197 L.
450 2123 772 2199 AEmilium
794 2146 1095 2223 cooptat.
1141 2130 1398 2224 Legum
1422 2128 1976 2226 quoquelatores,
1998 2126 2303 2201 adversus

339 2245 594 2296 tantum
616 2231 990 2322 apparatum
1011 2221 1543 2307 adversariorum,
1568 2236 1630 2298 &
1655 2226 1770 2322 ipsi
1795 2225 2064 2298 cauffam
2089 2229 2304 2325 plebis

339 2324 714 2421 ingentibus
753 2324 982 2393 animis
1020 2346 1304 2393 armant:
1346 2325 1765 2419 concilioque
1791 2324 2002 2418 plebis
2025 2328 2308 2407 indicto,

339 2425 551 2495 tribus
592 2425 672 2493 ad
724 2415 1095 2520 suffragium
1133 2443 1393 2492 vocant.
1447 2425 1676 2516 Qum
1712 2424 1997 2492 dictator
2033 2422 2305 2520 stipatus

344 2525 608 2621 agmine
643 2521 1063 2616 patriciorum
1082 2564 1104 2598 ‚
1137 2522 1367 2614 plenus
1411 2519 1519 2590 irae
1570 2518 2022 2620 minarumque
2070 2520 2305 2594 conse-

342 2617 557 2702 differ,
572 2641 769 2715 atque
786 2639 1086 2717 ageretur
1101 2644 1202 2688 res
1242 2615 1439 2686 solito
1460 2617 1739 2713 primum
1763 2621 2117 2694 certamine
2136 2623 2309 2694 inter

338 2716 401 2792 se
423 2718 839 2789 tribunorum
862 2716 1098 2814 plebis,
1117 2713 1462 2788 ferentium
1481 2719 1697 2815 legem
1721 2717 2308 2792 intercedentium-
2394 2754 2409 2769 =

346 2845 477 2918 que
503 2871 523 2903 ‚
550 2827 614 2892 δι
643 2841 893 2914 quanto
916 2820 1055 2908 jure
1080 2816 1421 2913 potentior
1440 2815 1814 2888 interceffio
1834 2840 2010 2897 erat,
2040 2843 2306 2892 tantum

344 2922 718 2991 vinceretur
736 2913 962 2988 favore
989 2916 1208 3015 legum
1229 2913 1533 3012 ipsarum,
1557 2917 1973 3015 latorumque
1996 2964 2018 2997 ,
2060 2942 2079 2970 ²
2109 2930 2170 2993 &
2200 2921 2307 2988 Uti

342 3040 539 3114 togas,
582 3017 805 3115 primae
841 3018 1046 3087 tribus
1087 3016 1418 3105 dicerentj
1451 3037 1589 3085 tum
1627 3015 1987 3097 CamilluS,
2029 3020 2309 3108 Qando-

349 3117 592 3204 quidem,
619 3118 855 3215 inquit,
881 3120 1146 3210 Qirites
1164 3172 1182 3197 ,
1205 3116 1341 3210 jam
1362 3139 1455 3186 vos
1486 3116 1788 3185 tribunicia
1803 3117 1990 3198 libido,
2024 3140 2131 3185 non
2146 3136 2308 3209 pote-

339 3210 474 3304 stas,
496 3218 642 3306 regit
660 3272 679 3297 ,
717 3218 789 3294 ά*
806 3219 1238 3307 intercessionem
1242 3216 1529 3309 secessione
1562 3216 1843 3305 quondam
1869 3216 2032 3308 plebis
2048 3237 2304 3307 partam,

356 3311 500 3382 vobis
528 3314 722 3384 eadem
760 3320 819 3387 vi
845 3313 1042 3404 facitis
1080 3316 1339 3394 irritam,
1377 3336 1492 3405 qua
1518 3311 1830 3407 peperssis3
1869 3340 1974 3385 non
2007 3315 2312 3407 reipublice

541 3482 546 3489 .
933 3496 936 3499 Α
2130 3421 2311 3504 magis

423 3521 450 3554 2
486 3510 626 3557 Eeun'
647 3509 849 3577 regaffint
870 3512 1022 3577 pn'nu
1035 3512 1169 3559 tribus
1182 3512 1298 3558 dice·
1378 3508 2009 3576 reirogmaoxauttabella.
2027 3509 2315 3574 quapopulus
2374 3516 2375 3525 ¹

351 3583 498 3637 κιαι]
527 3583 705 3627 Veteres
731 3578 832 3626 libri
859 3578 1052 3626 habent:
1081 3582 1150 3625 uei
1162 3596 1294 3644 roga.-
1370 3592 1557 3639 rog-uus¹
1591 3579 1637 3621 in
1662 3574 1864 3632 iubendo
1891 3575 2206 3641 sciscendoque
2230 3578 2315 3626 ali-

350 3657 447 3691 non
460 3645 606 3694 solum
619 3647 722 3694 ,hoc
748 3648 795 3693 in
809 3645 919 3692 loco
928 3680 949 3704 ,
978 3640 1050 3692 sed
1063 3648 1200 3692 etiam
1215 3646 1296 3693 lib.
1370 3640 1478 3707 quid
1491 3643 1704 3691 utebatur.
1719 3648 1881 3692 Cicero
1898 3662 1936 3693 2.
1952 3642 2007 3692 de
2028 3646 2174 3707 Legib.
2194 3652 2316 3696 Su-

353 3725 421 3758 10.
435 3713 508 3760 ubi
523 3714 686 3776 vulgo:
712 3721 832 3767 Hanc
845 3714 981 3778 legem
1002 3713 1094 3768 ,uti
1106 3714 1290 3775 rogastis,
1366 3716 1416 3758 de
1432 3712 1565 3778 igitur
1576 3711 1702 3770 istam
1716 3713 1851 3777 Iegem
1867 3749 1880 3770 ,
1909 3729 1957 3763 ue
1972 3733 2042 3782 ego
2059 3748 2073 3771 ‚
2094 3716 2168 3762 Vn·
2181 3732 2316 3780 rogas,

323 3781 572 3856 phuam
598 3781 749 3848 censeo.
776 3784 833 3831 Bt
857 3781 989 3831 reue.
1013 3780 1113 3832 fuit
1141 3783 1290 3840 enim,
1356 3782 1508 3850 possim
1520 3782 1670 3832 dicere.
1694 3770 1919 3905 ἓὶὲιηιειὰ
1943 3782 2148 3833 Atticum
2170 3781 2328 3906 ἐξιεῖ
