2593 4366
412 72 468 159 ἃ
485 88 571 160 ιε
1132 89 1226 159 T.
1326 90 1385 160 L
1443 108 1468 158 1
1525 111 1568 161 v
1619 113 1648 162 1
1699 108 1730 157 ι

438 187 523 256 ab
546 189 766 257 Roma
782 175 1142 284 profed’tus.
1195 194 1300 257 Ita
1333 186 1628 259 bifariam
1649 184 1950 259 consules
1968 183 2228 285 ingressi
2253 187 2379 260 1102

436 284 626 356 stium
646 284 831 366 fine&
850 287 1101 383 ingenti
1120 291 1386 357 certam'
1441 287 1640 357 chine
1664 283 2127 370 Volscosdiinc
2143 295 2381 387 AEquos

438 409 529 480 po
582 386 858 455 alantur.
910 385 1164 454 Eodem
1192 411 1366 455 anno
1397 359 2021 463 desciffe⁴Antiates‚
2058 388 2223 481 apud
2248 390 2389 484 ple-

439 411 694 581 rosft'luef
714 484 1018 568 auetores
1060 483 1349 554 inveni0.
1399 491 1479 554 L.
1523 486 1913 557 Cornelium
1951 484 2283 556 consulem
2317 484 2386 556 id

332 581 339 592 “
437 580 690 652 bellum
706 579 978 679 geffiss‘e,
999 583 1448 681 oppidumque
1468 580 1698 679 cepisse
1719 611 1739 668 3
1762 605 2014 654 certum
2040 585 2387 663 affirmare,

436 679 589 777 quia
623 683 801 750 nulla
842 682 1010 776 apud
1052 680 1439 753 vetustiores
1480 681 1828 778 scriptores
1853 686 1995 775 ejus
2021 684 2113 754 rei
2133 684 2387 754 mentio

325 781 415 853 24
436 778 531 850 est
559 834 577 860 ,
609 805 744 849 non
764 778 983 849 ausim.
1037 782 1187 850 Hoc
1208 781 1392 852 bello
1409 776 1705 878 perfe&o
1742 780 2165 852 tribunicium
2199 783 2388 852 domi

437 876 685 949 bellum
716 886 939 952 Patres
963 880 1240 949 territat.
1296 882 1610 950 Clamant
1636 875 1860 950 fraude
1882 878 2019 951 fieri
2038 926 2057 959 ,
2082 883 2262 978 quod
2279 876 2388 950 fo·

433 977 521 1048 ris
545 1000 845 1048 teneatur
860 977 1182 1049 exercitus
1206 1005 1225 1047 ι
1262 970 1750 1049 frustrationem
1773 1002 1916 1049 eam
1952 979 2114 1078 legis
2135 982 2391 1050 tollen·

432 1074 530 1146 dae
548 1074 694 1147 effe.
714 1071 776 1146 se
799 1076 1220 1147 nihilominus
1242 1099 1379 1145 rem
1400 1073 1751 1173 susceptam
1774 1079 2172 1173 perusturos.
2226 1077 2389 1163 Q·-

430 1175 624 1245 tinuit
653 1196 875 1244 tamen
915 1183 992 1252 1³.
1010 1175 1348 1246 Lucretius
1371 1171 1711 1271 praefestus
1735 1174 1910 1244 urbis
1932 1220 1953 1254 ‚
1992 1198 2059 1244 ut
2082 1175 2381 1246 afflones

428 1274 792 1345 tribunicia:
812 1274 880 1343 in
904 1273 1254 1344 adventum
1279 1272 1617 1345 consulum
1640 1270 2082 1368 differrentur.
2133 1275 2291 1344 Erat
2310 1284 2382 1349 δι

430 1397 608 1444 nova
628 1395 858 1444 exorta
876 1367 1081 1443 caussa
1104 1394 1347 1443 motus.
1404 1381 1494 1445 A.
1524 1367 1877 1445 Cornelius
1899 1418 1919 1452 ‚
1958 1382 2020 1446 δι
2047 1376 2138 1454 Q.
2158 1374 2383 1443 Servi-

428 1471 551 1540 lius
573 1469 922 1569 quaestores
947 1527 963 1553 ,
1001 1475 1099 1547 Μ.
1122 1469 1437 1552 Volsci0‚
1458 1473 1637 1570 quod
1661 1467 1847 1542 falsus
1870 1471 2037 1542 haud
2058 1469 2252 1541 dubie
2274 1492 2384 1543 te·-

428 1565 541 1639 stis
562 1571 627 1640 in
647 1568 995 1641 Caesonem
1014 1568 1317 1641 extitisset
1337 1616 1357 1650 ‚
1389 1572 1562 1642 diem
1601 1572 1920 1642 dixerant.
1965 1570 2181 1640 multis
2198 1569 2379 1642 enim

427 1667 775 1762 emanabat
795 1668 1073 1748 indiciis,
1092 1693 1307 1768 neque
1328 1666 1593 1740 fratrem
1620 1641 1998 1750 Volscii,}x
2019 1641 2379 1767 quo¹semel

427 1760 625 1835 fuerit
643 1791 842 1866 aeger,
860 1791 1141 1864 unquam
1165 1792 1298 1837 non
1317 1770 1522 1839 modo
1538 1764 1740 1838 visum
1758 1770 1826 1837 in
1845 1768 2137 1865 publico,
2157 1762 2266 1838 sed
2291 1792 2376 1839 ne

424 1859 814 1936 assurrexisse
829 1865 1095 1964 quidem
1114 1892 1194 1936 cx
1215 1868 1481 1945 morbo,
1506 1869 1997 1964 multorumque
2001 1867 2381 1957 tabernen-

426 1959 586 2033 sium
607 1987 937 2034 mortuum
964 1990 982 2034 z
1025 1985 1143 2035 nec
1178 1965 1276 2034 his
1308 1964 1713 2059 temporibus
1738 2009 1759 2043 ,
1799 1965 1863 2034 in
1882 1991 2026 2064 qua·
2044 1961 2222 2035 testis
2244 1964 2377 2034 cri·
2425 2035 2430 2054 ‚

426 2086 581 2132 rnen
603 2064 758 2154 conj
803 2060 975 2134 ciffet
999 2106 1022 2142 ,
1057 2060 1296 2135 Caeson
1344 2092 1408 2134 m
1433 2068 1671 2137 Romae
1705 2059 1904 2134 visum
1929 2063 2378 2147 :affirmanti—

427 2158 546 2230 bus
573 2205 593 2239 ,
627 2164 738 2260 qui
820 2188 899 2233 na
937 2169 1275 2234 merueran
1331 2208 1351 2243 ,
1389 2159 1600 2236 secum
1623 2189 1774 2235 eum
1794 2185 1933 2234 tum
1954 2160 2373 2261 frequentem

425 2258 707 2360 adsigna
745 2260 874 2333 fine
907 2264 1045 2331 ullo
1081 2287 1460 2334 commeatu
1501 2259 1696 2334 fuisse.
1738 2263 1802 2334 ni
1825 2263 1913 2332 ita
1931 2258 2128 2344 esset,
2176 2262 2373 2332 multi

394 2334 729 2454 'privatim
752 2356 1048 2433 ferebant
1069 2358 1347 2433 Volscio
1367 2340 1698 2455 judicem!
1707 2365 1935 2455 Qum
1960 2359 2372 2454 adjudicium

423 2461 520 2529 ire
551 2483 687 2529 non
728 2461 991 2532 auderet
1017 2505 1038 2539 ,
1072 2484 1307 2531 omnes
1328 2486 1418 2532 εει·
1459 2487 1560 2533 res
1599 2462 1662 2531 in
1685 2487 1879 2532 unum
1900 2481 2376 2559 coagmenta,

422 2554 595 2628 haud
618 2547 825 2656 massis
857 2558 1120 2630 dubiam
1142 2562 1631 2631 damnationem
1653 2558 1916 2632 Volscii
1935 2605 1956 2639 ‚
1993 2584 2191 2658 quam
2218 2559 2376 2628 Cae-

424 2643 600 2725 sonis
622 2656 893 2730 Volscio
929 2657 1093 2730 teste
1131 2655 1341 2729 fuerat
1366 2704 1385 2737 ‚
1418 2657 1768 2729 faciebant.
1819 2666 1896 2729 In
1918 2682 2102 2728 mora
2119 2656 2371 2727 tribuni

420 2775 610 2824 erant
627 2799 648 2833 ‚
690 2757 800 2853 qui
821 2759 1089 2827 comitia
1122 2759 1477 2856 quaestores
1501 2758 1742 2828 habete
1760 2759 1841 2829 de
1862 2781 1980 2827 reo
2002 2800 2023 2834 ,
2051 2755 2164 2826 nisi
2189 2755 2368 2850 prius

423 2849 647 2924 habita
684 2856 764 2925 de
786 2856 933 2952 lege
971 2853 1173 2927 essent
1195 2903 1216 2935 ‚
1251 2854 1530 2952 paliuros
1563 2855 1914 2952 negabant.
1948 2855 2036 2922 ita
2074 2854 2376 2926 extracta

414 2971 694 3049 utraque
716 2977 817 3023 res
847 2956 911 3023 iu
931 2952 1268 3025 consulum
1295 2956 1646 3025 adventum
1669 2951 1786 3023 est.
1844 2951 1980 3048 Qi
2003 2950 2112 3020 ubi
2129 2950 2374 3020 trium-

418 3047 697 3145 phantes
738 3052 989 3123 vifitore
1010 3072 1158 3123 cum
1193 3054 1486 3124 exercitu
1516 3052 1744 3122 urbem
1767 3052 1972 3121 inieru
2023 3070 2087 3128 t,
2118 3048 2267 3146 quia
2289 3045 2372 3120 fi-

416 3149 695 3220 lentium
714 3150 795 3222 de
819 3152 965 3248 lege
986 3173 1164 3230 erat,
1199 3121 1801 3250 perculsoslmagna
1839 3174 1953 3248 par
2048 3148 2371 3221 redebant

413 3245 741 3318 tribunos.
770 3254 862 3319 At
882 3249 976 3318 ini
999 3251 1663 3333 (etenimextremum
1683 3249 1830 3319 anni
1847 3252 1979 3343 jam
1997 3256 2372 3345 erat)quar-

416 3365 557 3417 tum
580 3346 956 3418 affe&antes
980 3347 1477 3427 tribunatum‚in
1497 3349 1919 3420 comitiorum
1945 3344 2372 3443 disceptatio-

417 3469 568 3516 nem
589 3445 673 3515 ab
691 3448 836 3545 lege
859 3469 1190 3517 certamen
1214 3470 1600 3520 averterant.
1633 3457 1696 3522 δι
1718 3474 1919 3547 quum
1949 3444 2246 3518 consules
2267 3445 2372 3515 ni·

412 3539 551 3611 hiio
568 3546 778 3615 minus
810 3542 1110 3618 adversus
1134 3546 1699 3618 continuationem
1723 3547 2086 3618 tribunatus
2105 3598 2131 3627 ,
2217 3567 2368 3617 uam

408 3638 458 3711 fi
475 3642 583 3716 lex
602 3645 966 3733 minuenda,
982 3641 1101 3720 suae
1126 3642 1475 3744 majestatis
1493 3642 1699 3721 caussa
1713 3648 2134 3748 promulgata
2155 3571 2368 3715 selure-

604 3762 623 3797 2
1785 3784 1790 3791 ·
1823 3784 1830 3793 ‡
2218 3762 2357 3826 tur,
