<?xml version="1.0" encoding="UTF-8"?>
<!DOCTYPE html PUBLIC "-//W3C//DTD XHTML 1.0 Transitional//EN"
    "http://www.w3.org/TR/xhtml1/DTD/xhtml1-transitional.dtd">
<html xmlns="http://www.w3.org/1999/xhtml" xml:lang="en" lang="en">
 <head>
  <title>
</title>
<meta http-equiv="Content-Type" content="text/html;charset=utf-8" />
  <meta name='ocr-system' content='tesseract 3.04.00' />
  <meta name='ocr-capabilities' content='ocr_page ocr_carea ocr_par ocr_line ocrx_word'/>
</head>
<body>
  <div class='ocr_page' id='page_1' title='image "./titiliviihistor00grongoog_0651.png"; bbox 0 0 2593 4366; ppageno 0'>
   <div class='ocr_carea' id='block_1_1' title="bbox 233 100 2313 3763">
    <p class='ocr_par' dir='ltr' id='par_1_1' title="bbox 233 100 2313 3763">
     <span class='ocr_line' id='line_1_1' title="bbox 312 100 2196 207; baseline 0.005 -34"><span class='ocrx_word' id='word_1_1' title='bbox 312 194 316 198; x_wconf 81' lang='lat'><em>.</em></span> <span class='ocrx_word' id='word_1_2' title='bbox 883 100 948 174; x_wconf 83' lang='lat' dir='ltr'><strong>L</strong></span> <span class='ocrx_word' id='word_1_3' title='bbox 1002 122 1032 172; x_wconf 88' lang='lat'>1</span> <span class='ocrx_word' id='word_1_4' title='bbox 1089 126 1128 175; x_wconf 71' lang='lat' dir='ltr'>n</span> <span class='ocrx_word' id='word_1_5' title='bbox 1176 124 1217 176; x_wconf 74' lang='grc' dir='ltr'>ε</span> <span class='ocrx_word' id='word_1_6' title='bbox 1261 119 1315 178; x_wconf 79' lang='lat' dir='ltr'>R</span> <span class='ocrx_word' id='word_1_7' title='bbox 1404 102 1596 178; x_wconf 86' lang='lat' dir='ltr'><strong>VII.</strong></span> <span class='ocrx_word' id='word_1_8' title='bbox 2055 112 2196 207; x_wconf 83' lang='lat'><strong>567</strong></span> 
     </span>
     <span class='ocr_line' id='line_1_2' title="bbox 233 183 2184 315; baseline 0.002 -38"><span class='ocrx_word' id='word_1_9' title='bbox 233 196 441 277; x_wconf 59' lang='lat' dir='ltr'><strong>&#39;alieni</strong></span> <span class='ocrx_word' id='word_1_10' title='bbox 466 183 582 274; x_wconf 75' lang='lat' dir='ltr'><strong>dis</strong></span> <span class='ocrx_word' id='word_1_11' title='bbox 569 196 832 299; x_wconf 80' lang='lat' dir='ltr'><strong>pensata</strong></span> <span class='ocrx_word' id='word_1_12' title='bbox 856 201 976 274; x_wconf 88' lang='lat' dir='ltr'><strong>est.</strong></span> <span class='ocrx_word' id='word_1_13' title='bbox 1013 211 1076 277; x_wconf 72' lang='grc' dir='ltr'><strong>ὃ(</strong></span> <span class='ocrx_word' id='word_1_14' title='bbox 1102 202 1184 274; x_wconf 81' lang='lat' dir='ltr'><strong>fic</strong></span> <span class='ocrx_word' id='word_1_15' title='bbox 1211 228 1475 315; x_wconf 76' lang='lat' dir='ltr'><strong>quoque</strong></span> <span class='ocrx_word' id='word_1_16' title='bbox 1492 214 1704 300; x_wconf 78' lang='lat' dir='ltr'><strong>parte&#39;</strong></span> <span class='ocrx_word' id='word_1_17' title='bbox 1740 200 1905 276; x_wconf 79' lang='lat' dir='ltr'><strong>lebis</strong></span> <span class='ocrx_word' id='word_1_18' title='bbox 1925 203 2184 295; x_wconf 64' lang='lat' dir='ltr'><strong>affeeta,</strong></span> 
     </span>
     <span class='ocr_line' id='line_1_3' title="bbox 237 227 2184 400; baseline 0.002 -24"><span class='ocrx_word' id='word_1_19' title='bbox 237 303 410 376; x_wconf 81' lang='lat' dir='ltr'><strong>fides</strong></span> <span class='ocrx_word' id='word_1_20' title='bbox 449 323 669 372; x_wconf 88' lang='lat' dir='ltr'><strong>tamen</strong></span> <span class='ocrx_word' id='word_1_21' title='bbox 709 299 969 395; x_wconf 84' lang='lat' dir='ltr'><strong>publica</strong></span> <span class='ocrx_word' id='word_1_22' title='bbox 1008 302 1273 398; x_wconf 85' lang='lat' dir='ltr'><strong>privatis</strong></span> <span class='ocrx_word' id='word_1_23' title='bbox 1325 227 1812 374; x_wconf 61' lang='lat' dir='ltr'><strong>difficultatigus</strong></span> <span class='ocrx_word' id='word_1_24' title='bbox 1846 306 2069 400; x_wconf 86' lang='lat' dir='ltr'><strong>potior</strong></span> <span class='ocrx_word' id='word_1_25' title='bbox 2102 309 2184 380; x_wconf 87' lang='lat' dir='ltr'><strong>ad</strong></span> 
     </span>
     <span class='ocr_line' id='line_1_4' title="bbox 238 399 2189 498; baseline 0.002 -25"><span class='ocrx_word' id='word_1_26' title='bbox 238 425 467 474; x_wconf 85' lang='lat' dir='ltr'><strong>curam</strong></span> <span class='ocrx_word' id='word_1_27' title='bbox 490 399 731 472; x_wconf 82' lang='lat' dir='ltr'><strong>senatui</strong></span> <span class='ocrx_word' id='word_1_28' title='bbox 755 399 899 469; x_wconf 82' lang='lat' dir='ltr'><strong>fuit.</strong></span> <span class='ocrx_word' id='word_1_29' title='bbox 950 406 1215 473; x_wconf 83' lang='lat' dir='ltr'><strong>Levatae</strong></span> <span class='ocrx_word' id='word_1_30' title='bbox 1231 403 1509 472; x_wconf 84' lang='lat' dir='ltr'>maxime</span> <span class='ocrx_word' id='word_1_31' title='bbox 1525 426 1649 480; x_wconf 82' lang='lat' dir='ltr'><strong>res,</strong></span> <span class='ocrx_word' id='word_1_32' title='bbox 1670 402 1820 498; x_wconf 85' lang='lat' dir='ltr'><strong>quia</strong></span> <span class='ocrx_word' id='word_1_33' title='bbox 1842 404 2093 475; x_wconf 87' lang='lat' dir='ltr'><strong>tributo</strong></span> <span class='ocrx_word' id='word_1_34' title='bbox 2110 432 2189 477; x_wconf 80' lang='lat' dir='ltr'><strong>ac</strong></span> 
     </span>
     <span class='ocr_line' id='line_1_5' title="bbox 236 496 2193 595; baseline 0.001 -21"><span class='ocrx_word' id='word_1_35' title='bbox 236 504 502 574; x_wconf 65' lang='lat' dir='ltr'><strong>delectu</strong></span> <span class='ocrx_word' id='word_1_36' title='bbox 522 496 958 595; x_wconf 75' lang='lat' dir='ltr'><strong>supersessum.</strong></span> <span class='ocrx_word' id='word_1_37' title='bbox 1014 501 1255 570; x_wconf 85' lang='lat' dir='ltr'><strong>Tertio</strong></span> <span class='ocrx_word' id='word_1_38' title='bbox 1297 526 1467 568; x_wconf 84' lang='lat' dir='ltr'><strong>anno</strong></span> <span class='ocrx_word' id='word_1_39' title='bbox 1491 500 1629 594; x_wconf 89' lang='lat' dir='ltr'><strong>post</strong></span> <span class='ocrx_word' id='word_1_40' title='bbox 1671 504 1983 572; x_wconf 79' lang='lat' dir='ltr'><strong>Satricum</strong></span> <span class='ocrx_word' id='word_1_41' title='bbox 2007 506 2193 574; x_wconf 84' lang='lat' dir='ltr'><strong>resti-</strong></span> 
     </span>
     <span class='ocr_line' id='line_1_6' title="bbox 240 596 2189 678; baseline 0.002 -8"><span class='ocrx_word' id='word_1_42' title='bbox 240 622 456 670; x_wconf 84' lang='lat' dir='ltr'><strong>tutum</strong></span> <span class='ocrx_word' id='word_1_43' title='bbox 480 600 514 670; x_wconf 72' lang='lat' dir='ltr'><strong>{i</strong></span> <span class='ocrx_word' id='word_1_44' title='bbox 538 598 826 678; x_wconf 73' lang='lat' dir='ltr'><strong>VolsciS,</strong></span> <span class='ocrx_word' id='word_1_45' title='bbox 870 604 962 672; x_wconf 82' lang='lat' dir='ltr'><strong>M.</strong></span> <span class='ocrx_word' id='word_1_46' title='bbox 984 602 1281 670; x_wconf 81' lang='lat' dir='ltr'><strong>Valerius</strong></span> <span class='ocrx_word' id='word_1_47' title='bbox 1309 604 1566 670; x_wconf 85' lang='lat' dir='ltr'><strong>Corvus</strong></span> <span class='ocrx_word' id='word_1_48' title='bbox 1587 596 1933 672; x_wconf 83' lang='lat' dir='ltr'><strong>secundum</strong></span> <span class='ocrx_word' id='word_1_49' title='bbox 1961 602 2189 674; x_wconf 86' lang='lat' dir='ltr'><strong>consul</strong></span> 
     </span>
     <span class='ocr_line' id='line_1_7' title="bbox 240 696 2187 794; baseline 0.002 -24"><span class='ocrx_word' id='word_1_50' title='bbox 240 724 391 770; x_wconf 85' lang='lat' dir='ltr'><strong>cum</strong></span> <span class='ocrx_word' id='word_1_51' title='bbox 412 704 494 770; x_wconf 90' lang='lat' dir='ltr'><strong>C.</strong></span> <span class='ocrx_word' id='word_1_52' title='bbox 518 700 804 770; x_wconf 75' lang='lat' dir='ltr'><strong>Poetelio</strong></span> <span class='ocrx_word' id='word_1_53' title='bbox 828 696 1056 776; x_wconf 64' lang='lat' dir='ltr'><strong>faetus,</strong></span> <span class='ocrx_word' id='word_1_54' title='bbox 1076 726 1275 794; x_wconf 85' lang='lat' dir='ltr'><strong>quum</strong></span> <span class='ocrx_word' id='word_1_55' title='bbox 1297 724 1375 768; x_wconf 85' lang='lat' dir='ltr'><strong>ex</strong></span> <span class='ocrx_word' id='word_1_56' title='bbox 1403 698 1595 766; x_wconf 86' lang='lat' dir='ltr'><strong>Latio</strong></span> <span class='ocrx_word' id='word_1_57' title='bbox 1611 702 1979 770; x_wconf 79' lang='lat' dir='ltr'><strong>nunciatum</strong></span> <span class='ocrx_word' id='word_1_58' title='bbox 2003 698 2187 788; x_wconf 77' lang='lat' dir='ltr'><strong>effer,</strong></span> 
     </span>
     <span class='ocr_line' id='line_1_8' title="bbox 240 794 2191 894; baseline 0.003 -26"><span class='ocrx_word' id='word_1_59' title='bbox 240 794 498 894; x_wconf 81' lang='lat' dir='ltr'><strong>legatos</strong></span> <span class='ocrx_word' id='word_1_60' title='bbox 524 796 606 866; x_wconf 88' lang='lat' dir='ltr'><strong>ab</strong></span> <span class='ocrx_word' id='word_1_61' title='bbox 634 798 838 866; x_wconf 80' lang='lat' dir='ltr'><strong>Antio</strong></span> <span class='ocrx_word' id='word_1_62' title='bbox 860 800 1195 868; x_wconf 84' lang='lat' dir='ltr'><strong>circumire</strong></span> <span class='ocrx_word' id='word_1_63' title='bbox 1217 800 1495 892; x_wconf 82' lang='lat' dir='ltr'><strong>populos</strong></span> <span class='ocrx_word' id='word_1_64' title='bbox 1521 798 1899 868; x_wconf 83' lang='lat' dir='ltr'><strong>Latinorum</strong></span> <span class='ocrx_word' id='word_1_65' title='bbox 1925 802 2001 872; x_wconf 86' lang='lat' dir='ltr'><strong>ad</strong></span> <span class='ocrx_word' id='word_1_66' title='bbox 2025 828 2191 872; x_wconf 86' lang='lat' dir='ltr'><strong>con-</strong></span> 
     </span>
     <span class='ocr_line' id='line_1_9' title="bbox 248 892 2195 993; baseline 0.002 -27"><span class='ocrx_word' id='word_1_67' title='bbox 248 895 576 966; x_wconf 80' lang='lat' dir='ltr'><strong>citandum</strong></span> <span class='ocrx_word' id='word_1_68' title='bbox 600 896 884 982; x_wconf 78' lang='lat' dir='ltr'><strong>bellum3</strong></span> <span class='ocrx_word' id='word_1_69' title='bbox 916 892 1279 993; x_wconf 85' lang='lat' dir='ltr'><strong>priusquam</strong></span> <span class='ocrx_word' id='word_1_70' title='bbox 1303 898 1443 990; x_wconf 85' lang='lat' dir='ltr'><strong>plus</strong></span> <span class='ocrx_word' id='word_1_71' title='bbox 1467 895 1745 964; x_wconf 87' lang='lat' dir='ltr'><strong>hostium</strong></span> <span class='ocrx_word' id='word_1_72' title='bbox 1769 896 1954 968; x_wconf 86' lang='lat' dir='ltr'><strong>fieret</strong></span> <span class='ocrx_word' id='word_1_73' title='bbox 1973 944 1993 976; x_wconf 83' lang='lat'>‚</span> <span class='ocrx_word' id='word_1_74' title='bbox 2017 902 2195 972; x_wconf 86' lang='lat' dir='ltr'><strong>Vol-</strong></span> 
     </span>
     <span class='ocr_line' id='line_1_10' title="bbox 254 988 2191 1084; baseline 0.004 -22"><span class='ocrx_word' id='word_1_75' title='bbox 254 988 372 1064; x_wconf 87' lang='lat' dir='ltr'><strong>scis</strong></span> <span class='ocrx_word' id='word_1_76' title='bbox 408 1020 580 1064; x_wconf 81' lang='lat' dir='ltr'><strong>arma</strong></span> <span class='ocrx_word' id='word_1_77' title='bbox 612 992 850 1066; x_wconf 85' lang='lat' dir='ltr'><strong>inferre</strong></span> <span class='ocrx_word' id='word_1_78' title='bbox 884 990 1074 1084; x_wconf 79' lang='lat' dir='ltr'><strong>julsus</strong></span> <span class='ocrx_word' id='word_1_79' title='bbox 1096 1048 1110 1076; x_wconf 89' lang='lat'>,</span> <span class='ocrx_word' id='word_1_80' title='bbox 1166 996 1245 1064; x_wconf 83' lang='lat' dir='ltr'><strong>ad</strong></span> <span class='ocrx_word' id='word_1_81' title='bbox 1291 996 1605 1064; x_wconf 80' lang='lat' dir='ltr'>Satricum</span> <span class='ocrx_word' id='word_1_82' title='bbox 1639 998 1925 1064; x_wconf 80' lang='lat' dir='ltr'><strong>exercitu</strong></span> <span class='ocrx_word' id='word_1_83' title='bbox 1955 996 2191 1068; x_wconf 82' lang='lat' dir='ltr'><strong>infesto</strong></span> 
     </span>
     <span class='ocr_line' id='line_1_11' title="bbox 252 1089 2193 1192; baseline 0.001 -28"><span class='ocrx_word' id='word_1_84' title='bbox 252 1094 490 1190; x_wconf 81' lang='lat' dir='ltr'><strong>pergit.</strong></span> <span class='ocrx_word' id='word_1_85' title='bbox 516 1120 650 1192; x_wconf 92' lang='lat' dir='ltr'><strong>quo</strong></span> <span class='ocrx_word' id='word_1_86' title='bbox 692 1120 892 1192; x_wconf 83' lang='lat' dir='ltr'><strong>quum</strong></span> <span class='ocrx_word' id='word_1_87' title='bbox 932 1096 1231 1164; x_wconf 83' lang='lat' dir='ltr'>Antiates</span> <span class='ocrx_word' id='word_1_88' title='bbox 1267 1094 1505 1190; x_wconf 84' lang='lat' dir='ltr'><strong>aliique</strong></span> <span class='ocrx_word' id='word_1_89' title='bbox 1551 1089 1775 1164; x_wconf 88' lang='lat' dir='ltr'><strong>Volsci</strong></span> <span class='ocrx_word' id='word_1_90' title='bbox 1819 1098 2193 1190; x_wconf 77' lang='lat' dir='ltr'><strong>praeparatis</strong></span> 
     </span>
     <span class='ocr_line' id='line_1_12' title="bbox 248 1192 2199 1289; baseline 0.002 -29"><span class='ocrx_word' id='word_1_91' title='bbox 248 1196 376 1284; x_wconf 78' lang='lat' dir='ltr'><strong>jam</strong></span> <span class='ocrx_word' id='word_1_92' title='bbox 408 1214 582 1272; x_wconf 83' lang='lat' dir='ltr'><strong>ante,</strong></span> <span class='ocrx_word' id='word_1_93' title='bbox 624 1192 666 1262; x_wconf 77' lang='lat' dir='ltr'><strong>si</strong></span> <span class='ocrx_word' id='word_1_94' title='bbox 706 1192 860 1289; x_wconf 87' lang='lat' dir='ltr'><strong>quid</strong></span> <span class='ocrx_word' id='word_1_95' title='bbox 896 1192 974 1260; x_wconf 87' lang='lat' dir='ltr'><strong>ab</strong></span> <span class='ocrx_word' id='word_1_96' title='bbox 1010 1194 1231 1262; x_wconf 84' lang='lat' dir='ltr'><strong>Roma</strong></span> <span class='ocrx_word' id='word_1_97' title='bbox 1263 1212 1683 1272; x_wconf 79' lang='lat' dir='ltr'><strong>moveretur,</strong></span> <span class='ocrx_word' id='word_1_98' title='bbox 1717 1194 1923 1288; x_wconf 84' lang='lat' dir='ltr'><strong>copiis</strong></span> <span class='ocrx_word' id='word_1_99' title='bbox 1961 1220 2199 1266; x_wconf 83' lang='lat' dir='ltr'><strong>occur-</strong></span> 
     </span>
     <span class='ocr_line' id='line_1_13' title="bbox 248 1286 2203 1372; baseline 0.001 -12"><span class='ocrx_word' id='word_1_100' title='bbox 248 1288 496 1372; x_wconf 59' lang='lat' dir='ltr'><strong>iissent,</strong></span> <span class='ocrx_word' id='word_1_101' title='bbox 526 1294 700 1360; x_wconf 82' lang='lat' dir='ltr'><strong>nulla</strong></span> <span class='ocrx_word' id='word_1_102' title='bbox 722 1286 1385 1362; x_wconf 73' lang='lat' dir='ltr'><strong>umrainterinfensos</strong></span> <span class='ocrx_word' id='word_1_103' title='bbox 1409 1292 1665 1360; x_wconf 85' lang='lat' dir='ltr'><strong>diutino</strong></span> <span class='ocrx_word' id='word_1_104' title='bbox 1699 1294 1859 1362; x_wconf 89' lang='lat' dir='ltr'><strong>odio</strong></span> <span class='ocrx_word' id='word_1_105' title='bbox 1879 1294 2203 1364; x_wconf 82' lang='lat' dir='ltr'><strong>dimican-</strong></span> 
     </span>
     <span class='ocr_line' id='line_1_14' title="bbox 252 1386 2203 1488; baseline 0.002 -28"><span class='ocrx_word' id='word_1_106' title='bbox 252 1390 318 1460; x_wconf 93' lang='lat' dir='ltr'><strong>di</strong></span> <span class='ocrx_word' id='word_1_107' title='bbox 344 1386 510 1458; x_wconf 64' lang='lat' dir='ltr'><strong>faeta</strong></span> <span class='ocrx_word' id='word_1_108' title='bbox 530 1390 644 1462; x_wconf 85' lang='lat' dir='ltr'><strong>est.</strong></span> <span class='ocrx_word' id='word_1_109' title='bbox 694 1386 958 1468; x_wconf 81' lang='lat' dir='ltr'><strong>Volsci,</strong></span> <span class='ocrx_word' id='word_1_110' title='bbox 984 1386 1267 1460; x_wconf 82' lang='lat' dir='ltr'><strong>ferocior</strong></span> <span class='ocrx_word' id='word_1_111' title='bbox 1305 1392 1381 1460; x_wconf 86' lang='lat' dir='ltr'><strong>ad</strong></span> <span class='ocrx_word' id='word_1_112' title='bbox 1411 1388 1859 1461; x_wconf 84' lang='lat' dir='ltr'><strong>rebellandum</strong></span> <span class='ocrx_word' id='word_1_113' title='bbox 1893 1419 2089 1488; x_wconf 84' lang='lat' dir='ltr'><strong>quam</strong></span> <span class='ocrx_word' id='word_1_114' title='bbox 2119 1390 2203 1464; x_wconf 84' lang='lat' dir='ltr'><strong>ad</strong></span> 
     </span>
     <span class='ocr_line' id='line_1_15' title="bbox 250 1484 2203 1586; baseline 0.001 -28"><span class='ocrx_word' id='word_1_115' title='bbox 250 1484 629 1558; x_wconf 80' lang='lat' dir='ltr'><strong>bellandum</strong></span> <span class='ocrx_word' id='word_1_116' title='bbox 672 1514 874 1584; x_wconf 72' lang='lat' dir='ltr'><strong>gem,</strong></span> <span class='ocrx_word' id='word_1_117' title='bbox 908 1488 1263 1558; x_wconf 80' lang='lat' dir='ltr'><strong>certamine</strong></span> <span class='ocrx_word' id='word_1_118' title='bbox 1301 1490 1489 1566; x_wconf 63' lang='lat' dir='ltr'><strong>viai,</strong></span> <span class='ocrx_word' id='word_1_119' title='bbox 1549 1486 1703 1586; x_wconf 82' lang='lat' dir='ltr'><strong>fuga</strong></span> <span class='ocrx_word' id='word_1_120' title='bbox 1737 1486 1931 1560; x_wconf 80' lang='lat' dir='ltr'><strong>effusa</strong></span> <span class='ocrx_word' id='word_1_121' title='bbox 1973 1492 2203 1562; x_wconf 83' lang='lat' dir='ltr'><strong>Satrici</strong></span> 
     </span>
     <span class='ocr_line' id='line_1_16' title="bbox 256 1584 2205 1684; baseline 0.001 -26"><span class='ocrx_word' id='word_1_122' title='bbox 256 1589 508 1658; x_wconf 73' lang='lat' dir='ltr'><strong>moenia</strong></span> <span class='ocrx_word' id='word_1_123' title='bbox 546 1612 798 1684; x_wconf 85' lang='lat' dir='ltr'><strong>petunt.</strong></span> <span class='ocrx_word' id='word_1_124' title='bbox 842 1596 904 1660; x_wconf 61' lang='grc' dir='ltr'><strong>δέ</strong></span> <span class='ocrx_word' id='word_1_125' title='bbox 932 1612 1010 1656; x_wconf 87' lang='lat' dir='ltr'><strong>ne</strong></span> <span class='ocrx_word' id='word_1_126' title='bbox 1050 1590 1114 1656; x_wconf 88' lang='lat' dir='ltr'><strong>in</strong></span> <span class='ocrx_word' id='word_1_127' title='bbox 1142 1588 1337 1656; x_wconf 85' lang='lat' dir='ltr'><strong>muris</strong></span> <span class='ocrx_word' id='word_1_128' title='bbox 1369 1588 1631 1684; x_wconf 86' lang='lat' dir='ltr'><strong>quidem</strong></span> <span class='ocrx_word' id='word_1_129' title='bbox 1673 1584 1819 1658; x_wconf 82' lang='lat' dir='ltr'><strong>satis</strong></span> <span class='ocrx_word' id='word_1_130' title='bbox 1865 1588 2047 1658; x_wconf 84' lang='lat' dir='ltr'><strong>firma</strong></span> <span class='ocrx_word' id='word_1_131' title='bbox 2069 1588 2205 1684; x_wconf 82' lang='lat' dir='ltr'><strong>spe,</strong></span> 
     </span>
     <span class='ocr_line' id='line_1_17' title="bbox 256 1684 2203 1782; baseline 0.002 -28"><span class='ocrx_word' id='word_1_132' title='bbox 256 1712 460 1782; x_wconf 86' lang='lat' dir='ltr'><strong>quum</strong></span> <span class='ocrx_word' id='word_1_133' title='bbox 490 1712 736 1756; x_wconf 79' lang='lat' dir='ltr'><strong>corona</strong></span> <span class='ocrx_word' id='word_1_134' title='bbox 772 1686 1050 1756; x_wconf 85' lang='lat' dir='ltr'><strong>militum</strong></span> <span class='ocrx_word' id='word_1_135' title='bbox 1082 1688 1437 1778; x_wconf 67' lang='lat' dir='ltr'><strong>cinctajam</strong></span> <span class='ocrx_word' id='word_1_136' title='bbox 1457 1684 1635 1754; x_wconf 82' lang='lat' dir='ltr'><strong>scalis</strong></span> <span class='ocrx_word' id='word_1_137' title='bbox 1659 1710 1997 1782; x_wconf 85' lang='lat' dir='ltr'><strong>caperetur</strong></span> <span class='ocrx_word' id='word_1_138' title='bbox 2019 1690 2203 1768; x_wconf 70' lang='lat' dir='ltr'><strong>urbS,</strong></span> 
     </span>
     <span class='ocr_line' id='line_1_18' title="bbox 256 1784 2205 1880; baseline 0.004 -28"><span class='ocrx_word' id='word_1_139' title='bbox 256 1786 336 1854; x_wconf 84' lang='lat' dir='ltr'><strong>ad</strong></span> <span class='ocrx_word' id='word_1_140' title='bbox 360 1808 636 1880; x_wconf 80' lang='lat' dir='ltr'><strong>quatuor</strong></span> <span class='ocrx_word' id='word_1_141' title='bbox 662 1786 860 1854; x_wconf 83' lang='lat' dir='ltr'><strong>millia</strong></span> <span class='ocrx_word' id='word_1_142' title='bbox 884 1806 1114 1880; x_wconf 82' lang='lat' dir='ltr'><strong>praeter</strong></span> <span class='ocrx_word' id='word_1_143' title='bbox 1146 1786 1629 1856; x_wconf 81' lang='lat' dir='ltr'><strong>multitudinem</strong></span> <span class='ocrx_word' id='word_1_144' title='bbox 1651 1785 1987 1858; x_wconf 84' lang='lat' dir='ltr'><strong>imbellem</strong></span> <span class='ocrx_word' id='word_1_145' title='bbox 2009 1826 2031 1866; x_wconf 65' lang='lat'>5</span> <span class='ocrx_word' id='word_1_146' title='bbox 2069 1784 2205 1860; x_wconf 80' lang='lat' dir='ltr'><strong>sese</strong></span> 
     </span>
     <span class='ocr_line' id='line_1_19' title="bbox 258 1882 2205 1980; baseline 0.002 -26"><span class='ocrx_word' id='word_1_147' title='bbox 258 1882 590 1954; x_wconf 60' lang='lat' dir='ltr'><strong>dediddre.</strong></span> <span class='ocrx_word' id='word_1_148' title='bbox 646 1884 986 1980; x_wconf 85' lang='lat' dir='ltr'><strong>Oppidum</strong></span> <span class='ocrx_word' id='word_1_149' title='bbox 1030 1884 1315 1954; x_wconf 83' lang='lat' dir='ltr'><strong>dirutum</strong></span> <span class='ocrx_word' id='word_1_150' title='bbox 1339 1906 1531 1980; x_wconf 85' lang='lat' dir='ltr'><strong>atque</strong></span> <span class='ocrx_word' id='word_1_151' title='bbox 1565 1882 1933 1956; x_wconf 80' lang='lat' dir='ltr'><strong>incensum:</strong></span> <span class='ocrx_word' id='word_1_152' title='bbox 1969 1888 2047 1956; x_wconf 80' lang='lat' dir='ltr'><strong>ab</strong></span> <span class='ocrx_word' id='word_1_153' title='bbox 2065 1888 2205 1958; x_wconf 75' lang='lat' dir='ltr'><strong>aede</strong></span> 
     </span>
     <span class='ocr_line' id='line_1_20' title="bbox 258 1984 2203 2081; baseline 0.003 -32"><span class='ocrx_word' id='word_1_154' title='bbox 258 2004 510 2052; x_wconf 83' lang='lat' dir='ltr'><strong>tantum</strong></span> <span class='ocrx_word' id='word_1_155' title='bbox 534 1986 760 2056; x_wconf 83' lang='lat' dir='ltr'><strong>Matris</strong></span> <span class='ocrx_word' id='word_1_156' title='bbox 788 1988 1050 2056; x_wconf 80' lang='lat' dir='ltr'><strong>Matutae</strong></span> <span class='ocrx_word' id='word_1_157' title='bbox 1074 1984 1695 2081; x_wconf 80' lang='lat' dir='ltr'><strong>abstinuereignem.</strong></span> <span class='ocrx_word' id='word_1_158' title='bbox 1743 1986 1961 2058; x_wconf 73' lang='lat' dir='ltr'><strong>Praeda</strong></span> <span class='ocrx_word' id='word_1_159' title='bbox 1985 1988 2203 2056; x_wconf 79' lang='lat' dir='ltr'><strong>omnis</strong></span> 
     </span>
     <span class='ocr_line' id='line_1_21' title="bbox 258 2082 2203 2181; baseline 0.001 -29"><span class='ocrx_word' id='word_1_160' title='bbox 258 2082 448 2152; x_wconf 88' lang='lat' dir='ltr'><strong>militi</strong></span> <span class='ocrx_word' id='word_1_161' title='bbox 482 2084 654 2152; x_wconf 73' lang='lat' dir='ltr'><strong>data.</strong></span> <span class='ocrx_word' id='word_1_162' title='bbox 712 2084 910 2150; x_wconf 82' lang='lat' dir='ltr'><strong>Extra</strong></span> <span class='ocrx_word' id='word_1_163' title='bbox 950 2084 1231 2179; x_wconf 63' lang='lat' dir='ltr'><strong>praedam</strong></span> <span class='ocrx_word' id='word_1_164' title='bbox 1269 2104 1547 2181; x_wconf 85' lang='lat' dir='ltr'><strong>quatuor</strong></span> <span class='ocrx_word' id='word_1_165' title='bbox 1589 2086 1789 2152; x_wconf 83' lang='lat' dir='ltr'><strong>millia</strong></span> <span class='ocrx_word' id='word_1_166' title='bbox 1825 2086 2203 2154; x_wconf 86' lang='lat' dir='ltr'><strong>deditorum</strong></span> 
     </span>
     <span class='ocr_line' id='line_1_22' title="bbox 256 2179 2211 2279; baseline 0.001 -30"><span class='ocrx_word' id='word_1_167' title='bbox 256 2179 494 2249; x_wconf 78' lang='lat' dir='ltr'><strong>habita.</strong></span> <span class='ocrx_word' id='word_1_168' title='bbox 558 2207 674 2251; x_wconf 86' lang='lat' dir='ltr'><strong>eos</strong></span> <span class='ocrx_word' id='word_1_169' title='bbox 716 2184 970 2251; x_wconf 62' lang='lat' dir='ltr'><strong>vinffitos</strong></span> <span class='ocrx_word' id='word_1_170' title='bbox 1002 2179 1227 2251; x_wconf 86' lang='lat' dir='ltr'><strong>consul</strong></span> <span class='ocrx_word' id='word_1_171' title='bbox 1285 2203 1431 2251; x_wconf 83' lang='lat' dir='ltr'><strong>ante</strong></span> <span class='ocrx_word' id='word_1_172' title='bbox 1477 2207 1731 2251; x_wconf 83' lang='lat' dir='ltr'><strong>currum</strong></span> <span class='ocrx_word' id='word_1_173' title='bbox 1793 2185 2211 2279; x_wconf 67' lang='lat' dir='ltr'><strong>triumphans</strong></span> 
     </span>
     <span class='ocr_line' id='line_1_23' title="bbox 256 2281 2207 2377; baseline 0.001 -28"><span class='ocrx_word' id='word_1_174' title='bbox 256 2281 432 2377; x_wconf 84' lang='lat' dir='ltr'><strong>egit:</strong></span> <span class='ocrx_word' id='word_1_175' title='bbox 476 2281 752 2349; x_wconf 84' lang='lat' dir='ltr'><strong>venditis</strong></span> <span class='ocrx_word' id='word_1_176' title='bbox 810 2281 1042 2349; x_wconf 84' lang='lat' dir='ltr'><strong>deinde</strong></span> <span class='ocrx_word' id='word_1_177' title='bbox 1086 2305 1387 2373; x_wconf 80' lang='lat' dir='ltr'><strong>magnam</strong></span> <span class='ocrx_word' id='word_1_178' title='bbox 1428 2283 1763 2373; x_wconf 84' lang='lat' dir='ltr'><strong>pecuniam</strong></span> <span class='ocrx_word' id='word_1_179' title='bbox 1809 2283 1873 2351; x_wconf 88' lang='lat' dir='ltr'><strong>in</strong></span> <span class='ocrx_word' id='word_1_180' title='bbox 1911 2285 2207 2352; x_wconf 83' lang='lat' dir='ltr'><strong>aerarium</strong></span> 
     </span>
     <span class='ocr_line' id='line_1_24' title="bbox 260 2377 2211 2475; baseline 0 -28"><span class='ocrx_word' id='word_1_181' title='bbox 260 2379 534 2475; x_wconf 79' lang='lat' dir='ltr'><strong>redegit.</strong></span> <span class='ocrx_word' id='word_1_182' title='bbox 590 2387 747 2449; x_wconf 82' lang='lat' dir='ltr'><strong>Sunt</strong></span> <span class='ocrx_word' id='word_1_183' title='bbox 770 2382 876 2471; x_wconf 86' lang='lat' dir='ltr'><strong>qui</strong></span> <span class='ocrx_word' id='word_1_184' title='bbox 914 2379 1076 2447; x_wconf 83' lang='lat' dir='ltr'><strong>hanc</strong></span> <span class='ocrx_word' id='word_1_185' title='bbox 1118 2379 1603 2445; x_wconf 83' lang='lat' dir='ltr'><strong>multitudinem</strong></span> <span class='ocrx_word' id='word_1_186' title='bbox 1641 2381 1965 2471; x_wconf 82' lang='lat' dir='ltr'><strong>captivam</strong></span> <span class='ocrx_word' id='word_1_187' title='bbox 1985 2377 2211 2451; x_wconf 83' lang='lat' dir='ltr'><strong>servo-</strong></span> 
     </span>
     <span class='ocr_line' id='line_1_25' title="bbox 258 2473 2203 2575; baseline 0.001 -30"><span class='ocrx_word' id='word_1_188' title='bbox 258 2503 402 2545; x_wconf 84' lang='lat' dir='ltr'><strong>rum</strong></span> <span class='ocrx_word' id='word_1_189' title='bbox 444 2473 614 2545; x_wconf 82' lang='lat' dir='ltr'><strong>fuisse</strong></span> <span class='ocrx_word' id='word_1_190' title='bbox 650 2473 960 2545; x_wconf 65' lang='lat' dir='ltr'><strong>scribant}</strong></span> <span class='ocrx_word' id='word_1_191' title='bbox 1002 2475 1199 2571; x_wconf 85' lang='lat' dir='ltr'><strong>idque</strong></span> <span class='ocrx_word' id='word_1_192' title='bbox 1245 2475 1447 2571; x_wconf 78' lang='lat' dir='ltr'><strong>magis</strong></span> <span class='ocrx_word' id='word_1_193' title='bbox 1477 2475 1817 2545; x_wconf 69' lang='lat' dir='ltr'><strong>verisimile</strong></span> <span class='ocrx_word' id='word_1_194' title='bbox 1837 2477 1971 2555; x_wconf 78' lang='lat' dir='ltr'><strong>est,</strong></span> <span class='ocrx_word' id='word_1_195' title='bbox 2011 2503 2203 2575; x_wconf 84' lang='lat' dir='ltr'><strong>quarn</strong></span> 
     </span>
     <span class='ocr_line' id='line_1_26' title="bbox 258 2571 2313 2654; baseline 0 -9"><span class='ocrx_word' id='word_1_196' title='bbox 258 2577 520 2645; x_wconf 81' lang='lat' dir='ltr'><strong>deditos</strong></span> <span class='ocrx_word' id='word_1_197' title='bbox 562 2571 838 2643; x_wconf 80' lang='lat' dir='ltr'><strong>veniiffe.</strong></span> <span class='ocrx_word' id='word_1_198' title='bbox 896 2577 1040 2641; x_wconf 82' lang='lat' dir='ltr'><strong>Hos</strong></span> <span class='ocrx_word' id='word_1_199' title='bbox 1086 2571 1385 2641; x_wconf 79' lang='lat' dir='ltr'><strong>consules</strong></span> <span class='ocrx_word' id='word_1_200' title='bbox 1430 2571 1627 2643; x_wconf 86' lang='lat' dir='ltr'><strong>secuti</strong></span> <span class='ocrx_word' id='word_1_201' title='bbox 1677 2571 1823 2643; x_wconf 86' lang='lat' dir='ltr'><strong>sunt</strong></span> <span class='ocrx_word' id='word_1_202' title='bbox 1859 2577 2313 2654; x_wconf 76' lang='lat' dir='ltr'><strong>M.Fabiu328</strong></span> 
     </span>
     <span class='ocr_line' id='line_1_27' title="bbox 258 2669 2300 2763; baseline 0.002 -24"><span class='ocrx_word' id='word_1_203' title='bbox 258 2669 516 2749; x_wconf 82' lang='lat' dir='ltr'><strong>Dorso,</strong></span> <span class='ocrx_word' id='word_1_204' title='bbox 536 2671 1008 2763; x_wconf 85' lang='lat' dir='ltr'><strong>Ser.Sulpicius</strong></span> <span class='ocrx_word' id='word_1_205' title='bbox 1030 2671 1443 2743; x_wconf 72' lang='lat' dir='ltr'><strong>CamerinuS.</strong></span> <span class='ocrx_word' id='word_1_206' title='bbox 1497 2675 2045 2745; x_wconf 86' lang='lat' dir='ltr'><strong>Auruncuminde</strong></span> <span class='ocrx_word' id='word_1_207' title='bbox 2071 2677 2215 2745; x_wconf 87' lang='lat' dir='ltr'><strong>bel·</strong></span> <span class='ocrx_word' id='word_1_208' title='bbox 2282 2707 2300 2714; x_wconf 93' lang='lat'><strong>··</strong></span> 
     </span>
     <span class='ocr_line' id='line_1_28' title="bbox 260 2767 2215 2871; baseline 0.002 -28"><span class='ocrx_word' id='word_1_209' title='bbox 260 2777 398 2843; x_wconf 86' lang='lat' dir='ltr'><strong>lum</strong></span> <span class='ocrx_word' id='word_1_210' title='bbox 420 2771 500 2839; x_wconf 75' lang='lat' dir='ltr'><strong>ab</strong></span> <span class='ocrx_word' id='word_1_211' title='bbox 524 2773 858 2865; x_wconf 78' lang='lat' dir='ltr'><strong>repentina</strong></span> <span class='ocrx_word' id='word_1_212' title='bbox 880 2771 1303 2867; x_wconf 83' lang='lat' dir='ltr'><strong>populatione</strong></span> <span class='ocrx_word' id='word_1_213' title='bbox 1329 2793 1647 2867; x_wconf 82' lang='lat' dir='ltr'><strong>coeptum.</strong></span> <span class='ocrx_word' id='word_1_214' title='bbox 1687 2797 1999 2871; x_wconf 85' lang='lat' dir='ltr'><strong>metuque</strong></span> <span class='ocrx_word' id='word_1_215' title='bbox 2037 2801 2115 2845; x_wconf 85' lang='lat' dir='ltr'><strong>ne</strong></span> <span class='ocrx_word' id='word_1_216' title='bbox 2145 2767 2215 2847; x_wconf 88' lang='lat' dir='ltr'><strong>id</strong></span> 
     </span>
     <span class='ocr_line' id='line_1_29' title="bbox 260 2867 2219 2965; baseline 0.003 -25"><span class='ocrx_word' id='word_1_217' title='bbox 260 2871 504 2941; x_wconf 60' lang='lat' dir='ltr'><strong>facium</strong></span> <span class='ocrx_word' id='word_1_218' title='bbox 550 2873 774 2965; x_wconf 88' lang='lat' dir='ltr'><strong>populi</strong></span> <span class='ocrx_word' id='word_1_219' title='bbox 811 2873 994 2939; x_wconf 84' lang='lat' dir='ltr'><strong>unius</strong></span> <span class='ocrx_word' id='word_1_220' title='bbox 1036 2867 1375 2939; x_wconf 81' lang='lat' dir='ltr'><strong>confilium</strong></span> <span class='ocrx_word' id='word_1_221' title='bbox 1415 2873 1627 2941; x_wconf 84' lang='lat' dir='ltr'><strong>omnis</strong></span> <span class='ocrx_word' id='word_1_222' title='bbox 1667 2873 1947 2943; x_wconf 84' lang='lat' dir='ltr'><strong>nominis</strong></span> <span class='ocrx_word' id='word_1_223' title='bbox 1997 2875 2219 2945; x_wconf 78' lang='lat' dir='ltr'><strong>Latini</strong></span> 
     </span>
     <span class='ocr_line' id='line_1_30' title="bbox 262 2967 2217 3063; baseline 0.001 -24"><span class='ocrx_word' id='word_1_224' title='bbox 262 2969 460 3045; x_wconf 78' lang='lat' dir='ltr'><strong>effet,</strong></span> <span class='ocrx_word' id='word_1_225' title='bbox 498 2969 782 3039; x_wconf 58' lang='lat' dir='ltr'><strong>dictator</strong></span> <span class='ocrx_word' id='word_1_226' title='bbox 838 2973 1014 3039; x_wconf 78' lang='lat' dir='ltr'><strong>velut</strong></span> <span class='ocrx_word' id='word_1_227' title='bbox 1052 2967 1351 3039; x_wconf 73' lang='lat' dir='ltr'><strong>adversus</strong></span> <span class='ocrx_word' id='word_1_228' title='bbox 1407 2991 1723 3040; x_wconf 82' lang='lat' dir='ltr'><strong>armatum</strong></span> <span class='ocrx_word' id='word_1_229' title='bbox 1773 2975 1901 3063; x_wconf 85' lang='lat' dir='ltr'><strong>jam</strong></span> <span class='ocrx_word' id='word_1_230' title='bbox 1955 2975 2217 3041; x_wconf 84' lang='lat' dir='ltr'><strong>Latium</strong></span> 
     </span>
     <span class='ocr_line' id='line_1_31' title="bbox 268 3067 2215 3165; baseline 0.001 -27"><span class='ocrx_word' id='word_1_231' title='bbox 268 3075 348 3138; x_wconf 87' lang='lat' dir='ltr'><strong>L.</strong></span> <span class='ocrx_word' id='word_1_232' title='bbox 376 3069 598 3139; x_wconf 82' lang='lat' dir='ltr'><strong>Furius</strong></span> <span class='ocrx_word' id='word_1_233' title='bbox 632 3089 878 3139; x_wconf 82' lang='lat' dir='ltr'><strong>creatus</strong></span> <span class='ocrx_word' id='word_1_234' title='bbox 904 3115 922 3149; x_wconf 85' lang='lat'>‚</span> <span class='ocrx_word' id='word_1_235' title='bbox 974 3067 1347 3165; x_wconf 80' lang='lat' dir='ltr'><strong>magistrum</strong></span> <span class='ocrx_word' id='word_1_236' title='bbox 1389 3071 1681 3165; x_wconf 86' lang='lat' dir='ltr'><strong>equitum</strong></span> <span class='ocrx_word' id='word_1_237' title='bbox 1733 3073 1863 3141; x_wconf 86' lang='lat' dir='ltr'><strong>Cn.</strong></span> <span class='ocrx_word' id='word_1_238' title='bbox 1891 3071 2215 3145; x_wconf 83' lang='lat' dir='ltr'><strong>Manlium</strong></span> 
     </span>
     <span class='ocr_line' id='line_1_32' title="bbox 272 3167 2219 3267; baseline 0.002 -32"><span class='ocrx_word' id='word_1_239' title='bbox 272 3167 722 3259; x_wconf 60' lang='lat' dir='ltr'><strong>Capitolinum,</strong></span> <span class='ocrx_word' id='word_1_240' title='bbox 742 3169 926 3237; x_wconf 80' lang='lat' dir='ltr'><strong>dixit.</strong></span> <span class='ocrx_word' id='word_1_241' title='bbox 964 3179 1024 3241; x_wconf 63' lang='grc' dir='ltr'><strong>δέ</strong></span> <span class='ocrx_word' id='word_1_242' title='bbox 1050 3193 1249 3265; x_wconf 83' lang='lat' dir='ltr'><strong>quum</strong></span> <span class='ocrx_word' id='word_1_243' title='bbox 1289 3169 1503 3263; x_wconf 87' lang='lat' dir='ltr'><strong>(quod</strong></span> <span class='ocrx_word' id='word_1_244' title='bbox 1529 3193 1641 3263; x_wconf 88' lang='lat' dir='ltr'><strong>per</strong></span> <span class='ocrx_word' id='word_1_245' title='bbox 1665 3195 1939 3267; x_wconf 81' lang='lat' dir='ltr'><strong>magnos</strong></span> <span class='ocrx_word' id='word_1_246' title='bbox 1965 3171 2219 3239; x_wconf 86' lang='lat' dir='ltr'><strong>tumul-</strong></span> 
     </span>
     <span class='ocr_line' id='line_1_33' title="bbox 278 3261 2219 3359; baseline 0.003 -28"><span class='ocrx_word' id='word_1_247' title='bbox 278 3283 380 3332; x_wconf 84' lang='lat' dir='ltr'><strong>tus</strong></span> <span class='ocrx_word' id='word_1_248' title='bbox 406 3261 538 3333; x_wconf 77' lang='lat' dir='ltr'><strong>fieri</strong></span> <span class='ocrx_word' id='word_1_249' title='bbox 560 3263 818 3335; x_wconf 85' lang='lat' dir='ltr'><strong>solitum</strong></span> <span class='ocrx_word' id='word_1_250' title='bbox 842 3273 1008 3359; x_wconf 79' lang='lat' dir='ltr'><strong>erat)</strong></span> <span class='ocrx_word' id='word_1_251' title='bbox 1036 3267 1279 3355; x_wconf 82' lang='lat' dir='ltr'><strong>justitio</strong></span> <span class='ocrx_word' id='word_1_252' title='bbox 1303 3267 1549 3335; x_wconf 59' lang='lat' dir='ltr'><strong>indieto</strong></span> <span class='ocrx_word' id='word_1_253' title='bbox 1571 3311 1589 3345; x_wconf 83' lang='lat'>,</span> <span class='ocrx_word' id='word_1_254' title='bbox 1629 3269 1919 3339; x_wconf 53' lang='lat' dir='ltr'><strong>delectus</strong></span> <span class='ocrx_word' id='word_1_255' title='bbox 1939 3269 2067 3339; x_wconf 84' lang='lat' dir='ltr'><strong>sine</strong></span> <span class='ocrx_word' id='word_1_256' title='bbox 2107 3295 2219 3339; x_wconf 82' lang='lat' dir='ltr'><strong>va-</strong></span> 
     </span>
     <span class='ocr_line' id='line_1_34' title="bbox 276 3361 2221 3463; baseline 0.003 -32"><span class='ocrx_word' id='word_1_257' title='bbox 276 3361 638 3433; x_wconf 72' lang='lat' dir='ltr'><strong>cationibus</strong></span> <span class='ocrx_word' id='word_1_258' title='bbox 662 3365 916 3435; x_wconf 81' lang='lat' dir='ltr'><strong>habitus</strong></span> <span class='ocrx_word' id='word_1_259' title='bbox 952 3365 1142 3449; x_wconf 47' lang='lat' dir='ltr'><strong>effer,</strong></span> <span class='ocrx_word' id='word_1_260' title='bbox 1182 3366 1477 3461; x_wconf 79' lang='lat' dir='ltr'><strong>legiones</strong></span> <span class='ocrx_word' id='word_1_261' title='bbox 1501 3421 1515 3445; x_wconf 87' lang='lat'>‚</span> <span class='ocrx_word' id='word_1_262' title='bbox 1561 3389 1875 3463; x_wconf 81' lang='lat' dir='ltr'><strong>quantum</strong></span> <span class='ocrx_word' id='word_1_263' title='bbox 1911 3369 2221 3438; x_wconf 83' lang='lat' dir='ltr'><strong>maturari</strong></span> 
     </span>
     <span class='ocr_line' id='line_1_35' title="bbox 272 3465 2219 3565; baseline 0.003 -34"><span class='ocrx_word' id='word_1_264' title='bbox 272 3465 600 3557; x_wconf 74' lang='lat' dir='ltr'><strong>potuit‚‘ir1</strong></span> <span class='ocrx_word' id='word_1_265' title='bbox 626 3471 962 3535; x_wconf 84' lang='lat' dir='ltr'><strong>Auruncos</strong></span> <span class='ocrx_word' id='word_1_266' title='bbox 986 3467 1217 3535; x_wconf 66' lang='lat' dir='ltr'><strong>duetae.</strong></span> <span class='ocrx_word' id='word_1_267' title='bbox 1255 3465 1345 3531; x_wconf 90' lang='lat' dir='ltr'><strong>ibi</strong></span> <span class='ocrx_word' id='word_1_268' title='bbox 1371 3465 1745 3559; x_wconf 59' lang='lat' dir='ltr'><strong>praedonum</strong></span> <span class='ocrx_word' id='word_1_269' title='bbox 1767 3469 2001 3565; x_wconf 73' lang='lat' dir='ltr'><strong>magi5‚</strong></span> <span class='ocrx_word' id='word_1_270' title='bbox 2023 3493 2219 3565; x_wconf 84' lang='lat' dir='ltr'><strong>quam</strong></span> 
     </span>
     <span class='ocr_line' id='line_1_36' title="bbox 269 3561 2213 3659; baseline 0.002 -27"><span class='ocrx_word' id='word_1_271' title='bbox 269 3561 550 3632; x_wconf 84' lang='lat' dir='ltr'><strong>hostium</strong></span> <span class='ocrx_word' id='word_1_272' title='bbox 570 3563 1050 3633; x_wconf 78' lang='lat' dir='ltr'><strong>animiinventi.</strong></span> <span class='ocrx_word' id='word_1_273' title='bbox 1108 3565 1323 3635; x_wconf 81' lang='lat' dir='ltr'><strong>Prima</strong></span> <span class='ocrx_word' id='word_1_274' title='bbox 1359 3567 1581 3659; x_wconf 81' lang='lat' dir='ltr'><strong>itaque</strong></span> <span class='ocrx_word' id='word_1_275' title='bbox 1621 3567 1755 3635; x_wconf 80' lang='lat' dir='ltr'><strong>acie</strong></span> <span class='ocrx_word' id='word_1_276' title='bbox 1787 3567 2213 3637; x_wconf 80' lang='lat' dir='ltr'><strong>debellatum.</strong></span> 
     </span>
     <span class='ocr_line' id='line_1_37' title="bbox 276 3661 2221 3763; baseline 0.001 -28"><span class='ocrx_word' id='word_1_277' title='bbox 276 3665 591 3735; x_wconf 67' lang='lat' dir='ltr'><strong>Dittator</strong></span> <span class='ocrx_word' id='word_1_278' title='bbox 610 3683 848 3749; x_wconf 78' lang='lat' dir='ltr'><strong>tamen,</strong></span> <span class='ocrx_word' id='word_1_279' title='bbox 874 3663 1022 3763; x_wconf 56' lang='lat' dir='ltr'><strong>quid</strong></span> <span class='ocrx_word' id='word_1_280' title='bbox 1050 3673 1108 3739; x_wconf 65' lang='grc' dir='ltr'>ἃ</span> <span class='ocrx_word' id='word_1_281' title='bbox 1132 3665 1307 3733; x_wconf 85' lang='lat' dir='ltr'><strong>ultro</strong></span> <span class='ocrx_word' id='word_1_282' title='bbox 1333 3661 1579 3731; x_wconf 81' lang='lat' dir='ltr'><strong>bellum</strong></span> <span class='ocrx_word' id='word_1_283' title='bbox 1607 3663 1977 3751; x_wconf 84' lang='lat' dir='ltr'><strong>intulerant,</strong></span> <span class='ocrx_word' id='word_1_284' title='bbox 2001 3679 2061 3741; x_wconf 70' lang='grc' dir='ltr'><strong>ἃ</strong></span> <span class='ocrx_word' id='word_1_285' title='bbox 2089 3665 2221 3737; x_wconf 80' lang='lat' dir='ltr'><strong>{ine</strong></span> 
     </span>
    </p>
   </div>
   <div class='ocr_carea' id='block_1_2' title="bbox 1323 3763 2229 3860">
    <p class='ocr_par' dir='ltr' id='par_1_2' title="bbox 1323 3763 2229 3860">
     <span class='ocr_line' id='line_1_38' title="bbox 1323 3763 2229 3860; baseline 0 -23"><span class='ocrx_word' id='word_1_286' title='bbox 1323 3763 1393 3837; x_wconf 87' lang='lat' dir='ltr'>N</span> <span class='ocrx_word' id='word_1_287' title='bbox 1415 3787 1457 3860; x_wconf 67' lang='grc' dir='ltr'><strong>ξι</strong></span> <span class='ocrx_word' id='word_1_288' title='bbox 1507 3785 1559 3858; x_wconf 71' lang='lat'>4</span> <span class='ocrx_word' id='word_1_289' title='bbox 2009 3767 2229 3841; x_wconf 78' lang='lat' dir='ltr'><strong>detre-</strong></span> 
     </span>
    </p>
   </div>
  </div>
 </body>
</html>
