2593 4366
473 141 591 215 ‘62
1100 136 1198 213 Τ.
1292 138 1358 210 L
1412 138 1725 210 tv‘t'ft

432 161 621 316 Zetis
655 237 899 324 cauffa,
919 240 1132 341 ‘quam
1154 257 1227 310 ut
1249 236 1509 338 patricii
1523 258 1988 335 recuperarent
2002 239 2149 314 duo
2166 241 2453 323 consu.

432 342 593 417 laria
611 341 758 416 loca
771 387 796 424 ‚
880 368 1032 413 uum
1048 339 1173 411 suis
1197 383 1218 418 ‚
1253 360 1401 411 tum
1420 339 1627 410 totius
1644 338 2010 411 nobilitatis
2031 343 2315 417 viribus
2330 350 2443 422 in.

431 441 662 518 cubuit
683 491 705 526 ,
724 464 798 515 ut
848 468 886 514 e
907 466 1057 520 cum
1079 446 1176 526 Q.
1195 438 1404 510 Fabio
1421 433 1761 511 consulem
1774 438 2107 513 dicerent.
2161 446 2438 522 Fabius

427 542 658 642 primo
677 595 703 633 ,
722 541 805 615 de
824 538 890 613 se
905 540 1139 614 eadem
1160 534 1302 611 fere
1320 562 1466 638 quae
1482 538 1706 636 priore
1727 563 1905 610 anno
1922 538 2231 617 dicendo
2256 591 2284 628 ‚
2308 550 2435 620 ab·

427 667 658 718 nuere.
693 640 1109 715 circumstare
1128 635 1356 713 sellam
1373 638 1595 709 omnis
1611 636 1931 709 nobilitas
1953 685 1977 720 ‚
2006 665 2222 716 orare
2239 669 2323 719 ut
2341 674 2431 722 ex

422 761 632 816 coeno
645 741 913 841 plebeio
926 735 1337 814 consulatum
1353 736 1730 810 extraheret
1747 788 1771 822 ,
1807 751 1833 781 ²
1849 740 2429 846 majestatemque

422 841 759 939 pristinam
776 861 920 912 tum
944 838 1189 912 honori
1210 885 1234 920 ‚
1269 860 1412 912 tum
1429 838 1718 936 patriciis
1737 838 2058 936 gentibus
2073 845 2425 922 redderet.

423 940 669 1013 Fabius
702 939 964 1012 {ilentio
1004 936 1186 1011 fasto
1223 939 1447 1011 media
1474 939 1782 1010 oratione
1813 936 2034 1012 studia
2055 940 2419 1020 hominum

421 1035 702 1115 sedavit.
723 1034 1047 1113 fastumm
1065 1039 1244 1111 enim
1265 1035 1332 1111 se
1354 1033 1535 1110 fuisse
1556 1037 1726 1109 dixit
1744 1084 1769 1120 ,
1790 1059 1867 1109 ut
1890 1038 2174 1112 duorum
2194 1047 2418 1140 patri-

422 1138 689 1214 ciorum
707 1140 979 1212 nomina
997 1139 1327 1237 reciperet
1344 1184 1369 1219 ‚
1407 1137 1456 1210 fi
1477 1137 1679 1210 alium
1713 1163 1923 1238 quam
1964 1137 2023 1212 se
2055 1140 2415 1218 consulem

424 1238 570 1313 fieri
589 1240 737 1314 vide
743 1260 844 1312 ret
857 1266 876 1311 z
899 1260 1045 1310 nunc
1052 1236 1114 1335 fi:
1122 1237 1218 1336 sui
1233 1241 1514 1309 rationem
1527 1240 1778 1307 comitiis
1796 1294 1817 1323 ‚
1839 1260 2018 1332 quum
2030 1258 2222 1310 comta
2234 1242 2410 1334 {eges

412 1336 795 1438 futurumfit,
814 1343 1038 1435 pessimo
1053 1340 1313 1432 exemplo
1328 1361 1436 1408 non
1452 1338 1801 1408 habiturum.
1851 1345 1958 1409 Ita
1977 1339 2207 1412 Lucius
2226 1345 2411 1412 Vo-

425 1438 718 1513 lumnius
756 1438 840 1512 de
868 1439 1067 1537 plebe
1088 1459 1239 1510 cum
1272 1444 1406 1536 Ap.
1427 1437 1717 1511 Claudio
1738 1452 1768 1486 ²
1786 1433 2014 1511 consul
2045 1438 2137 1510 est
2153 1439 2404 1531 ia&us;

425 1540 637 1637 priori
651 1541 814 1612 item
837 1535 1178 1612 consulatu
1192 1538 1368 1613 inter
1382 1532 1449 1609 se
1465 1539 1859 1635 comparati.
1904 1536 2248 1611 Nobilitas
2264 1540 2405 1612 ob-

425 1640 676 1734 jestare
696 1635 1164 1739 Fabi0,fugiffe
1179 1664 1333 1711 eum
1350 1637 1647 1735 Appium
1664 1636 2021 1710 Claudium
2035 1641 2217 1712 colle
2267 1665 2409 1722 am,

426 1739 819 1839 eloquentia
839 1785 862 1823 ‚
895 1736 1330 1839 civilibusque
1367 1736 1612 1808 artibus
1651 1735 1826 1809 haud
1862 1735 2063 1809 dubie
2138 1765 2222 1812 1·ae
2372 1782 2403 1798 ·

330 1852 420 1940 36
431 1858 597 1912 tem.
651 1839 969 1911 Comitiis
990 1835 1305 1937 perfeffis
1322 1887 1345 1921 ,
1367 1858 1629 1910 veteres
1650 1831 1955 1909 consules
1974 1839 2041 1928 ju
2138 1839 2394 1912 bellum

426 1936 500 2009 in
534 1936 806 2014 Samnio
845 1962 1080 2035 gerere
1101 1970 1122 2024 ς
1156 1958 1527 2035 prorogato
1561 1936 1628 2006 in
1656 1931 1764 2018 sex
1798 1934 2060 2009 menses
2092 1939 2402 2035 imperio.

427 2040 685 2134 Itaque·
708 2030 1080 2131 insequenti
1106 2059 1381 2135 quoque
1415 2059 1590 2106 anno
1630 2041 1714 2107 L.
1734 2036 2109 2108 Volumnio
2149 2046 2216 2111 δι
2256 2040 2406 2136 Ap.

414 2128 724 2210 'Claudio
739 2130 1144 2218 consulibus,
1155 2144 1226 2210 P.
1243 2134 1525 2218 Decius,
1548 2135 1659 2235 qui
1674 2131 1890 2209 consul
1908 2134 1973 2204 in
1987 2137 2268 2207 Samnio
2285 2162 2395 2211 re-

432 2236 628 2308 Ιὶἃιιε
669 2234 706 2308 ὲ
740 2236 1005 2336 collega
1025 2230 1278 2321 fixerat-3
1323 2232 1680 2333 proconsul
1712 2235 1878 2307 idem
1907 2230 2217 2331 populari
2248 2262 2396 2308 non

429 2335 688 2410 destitit
710 2360 906 2435 agros
925 2381 948 2415 ‚
972 2336 1188 2408 donec
1201 2335 1593 2409 Samnitium
1610 2335 1966 2406 exercitum
1984 2328 2295 2433 nusquam
2319 2331 2393 2406 se

430 2437 666 2535 praelio
684 2435 1248 2519 committentem,
1270 2433 1612 2534 postremo
1635 2435 1885 2533 expulit
1899 2432 2166 2506 finibus.
2182 2434 2395 2507 Etru-

432 2536 598 2606 riam
620 2535 783 2633 pulfi
799 2535 1173 2634 petierunt:
1196 2545 1260 2610 &
1284 2535 1469 2633 quod
1486 2533 1928 2636 legationibus
1951 2534 2393 2636 nequicquam

431 2631 602 2732 saepe
614 2655 1029 2708 tentaverant
1048 2693 1070 2720 ‚
1104 2636 1170 2709 id
1187 2631 1250 2706 se
1268 2656 1460 2705 tanto
1483 2635 1745 2735 agmine
1764 2655 2176 2706 armatorum
2198 2632 2389 2707 mistis

440 2754 698 2805 terrore
719 2734 1023 2830 precibus
1047 2780 1069 2814 ,
1088 2736 1352 2806 aeluros
1370 2733 1698 2807 efficacius
1717 2733 1838 2804 tati
1860 2784 1882 2819 ,
1903 2732 2386 2832 postulaverunt

433 2832 810 2930 principum
839 2835 1116 2940 Etruriae
1134 2832 1516 2905 concilium.
1573 2838 1750 2930 Qo
1771 2835 2016 2906 coafito
2035 2880 2060 2917 ‚
2096 2849 2383 2933 perquot

435 2951 647 3003 annos
668 2958 793 3031 pro
808 2932 1113 3005 libertate
1131 2931 1449 3005 dimicent
1470 2959 1621 3004 cum
1649 2933 2009 3014 Romanis,
2028 2951 2373 3030 exponunt.

435 3034 629 3102 onmia
645 3051 906 3125 expertos
941 3033 1070 3129 effe,
1087 3031 1140 3129 fi
1157 3029 1397 3128 suismet
1410 3031 1652 3127 ipfhrum
1674 3031 1884 3104 viribus
1900 3035 2137 3105 tolerare
2168 3048 2387 3101 tantam

437 3134 643 3201 molem
678 3131 803 3203 belli
828 3133 1069 3226 poffimt:
1106 3131 1335 3227 tentaffe
1357 3135 1536 3201 etiam
1555 3131 1709 3201 haud
1717 3134 1911 3225 magni
1929 3136 2205 3203 momenti
2217 3130 2395 3229 fmiti-

434 3252 666 3301 mamm
670 3234 935 3322 gentium
953 3233 1216 3302 auxilia:
1234 3228 1422 3326 petiffe
1431 3248 1636 3322 pacem
1652 3223 1689 3297 ἆ
1700 3233 1898 3322 populo
1918 3243 2173 3323 Romano
2193 3282 2215 3314 ,
2237 3249 2393 3323 quum

435 3328 641 3403 benum
672 3332 911 3402 tolerare
934 3353 1040 3400 mn
1078 3332 1314 3428 paffent:
1350 3328 1619 3424 rebellaffe
1634 3384 1655 3410 ‚
1700 3331 1851 3420 quod
1876 3350 2002 3424 pax
2023 3325 2389 3427 servientibus

1527 3435 1533 3442 “
2135 3444 2390 3523 gravor,

505 3587 534 3621 ι
564 3573 929 3642 Maiestaoemquae
1008 3576 1176 3638 [stiuam
1190 3589 1285 3626 tm
1300 3578 1373 3624 ho-

429 3646 542 3698 nm’,
556 3656 651 3690 tm
660 3644 813 3708 patric.
832 3649 852 3703 ]
867 3643 920 3690 1d
954 3659 1033 3692 ore
1044 3644 1225 3707 putabat
1238 3643 1372 3691 nobi·
2352 3697 2363 3709 ⁶

429 3709 552 3764 litas,
569 3707 600 3757 fi
614 3705 709 3756 duo
726 3744 742 3765 ,
758 3723 809 3756 ut
821 3722 927 3757 ante
940 3744 954 3765 ‚
982 3715 1159 3775 patticii
1172 3711 1380 3762 consules
1520 3716 1548 3751 a
1580 3706 1731 3770 consul
1741 3707 1960 3771 estfastnc.
1976 3713 2000 3768 J
2014 3703 2241 3755 Portasti:
2258 3706 2402 3751 Lucan

423 3771 738 3828 faeifuiffene.
772 3781 992 3845 Sigonius.
1457 3774 1710 3830 Vae-amm
1720 3777 1901 3846 defleba
1910 3792 2010 3825 cm
2027 3774 2411 3896 apauli-15:12

1674 3605 2194 3656 Gnonovxx.
