2593 4366
398 93 530 168 '288
676 162 681 166 .
1087 85 1695 176 T-wL't'v11
2021 181 2032 188 θ

394 187 527 264 fine
548 180 975 264 insedi-'tatione
998 185 1341 289 potestatis
1371 193 1512 282 ejus
1539 246 1558 273 ‚
1598 181 1982 261 conservata
2020 186 2376 283 majestate

393 299 664 366 Parrum
690 344 708 370 ,
743 289 1040 362 sedavere
1072 288 1335 385 plebem
1375 289 1647 360 decreto
1687 288 1767 359 ad
1791 286 2037 360 bellum
2081 288 2371 363 Volsco-

395 414 539 461 rum
563 404 623 466 &
642 396 993 488 AEquorum
1018 389 1279 459 delectu
1302 385 1666 458 sustinendo
1685 432 1705 466 ‚
1748 412 1885 457 rem
1925 385 2008 455 ab
2029 384 2369 462 seditioni-

394 489 519 560 bus
541 491 958 560 continuere:
994 485 1243 557 urbano
1266 511 1537 584 quoque
1556 488 1701 554 otio
1728 483 1889 557 foris
1930 486 2154 558 omnia
2176 509 2363 561 tran<-

391 590 595 686 quilla
628 583 752 658 ess'e
772 586 1204 665 affirmantes,
1242 610 1359 681 per
1381 581 1736 655 discordias
1767 585 2001 656 civiles
2039 610 2359 660 externos

388 689 629 757 tollere
652 690 926 756 animos.
983 688 1164 757 Cura
1188 685 1393 780 pacis,
1415 682 1787 754 concordiae
1808 710 2078 783 quoque
2101 686 2360 759 intestia

386 801 487 857 ωε
509 781 710 855 caussa
729 780 872 855 fuit.
896 778 1004 855 scd
1022 786 1185 854 alter
1206 781 1460 880 semper
1477 782 1648 853 ordo
1672 786 1886 880 gravis
1912 784 2180 856 alterius
2202 801 2360 857 mm

389 883 608 956 destiae
631 905 793 955 erat.
818 877 1177 982 quiescenti
1202 881 1381 978 plebi
1399 881 1480 950 ab
1501 880 1865 973 junioribus
1890 889 2155 954 Patrum
2177 886 2354 978 inju-

387 983 497 1054 riae
520 980 657 1054 fieri
676 1004 942 1080 coeptae.
981 979 1088 1051 ubi
1112 980 1356 1050 tribuni
1377 980 1618 1050 auxilio
1640 978 2096 1050 humilioribus
2116 982 2351 1071 essent-3
2429 1033 2434 1040 Α

287 1158 301 1174 ⁸
384 1080 453 1153 in
470 1082 695 1179 primis
717 1106 939 1181 parum
964 1079 1308 1177 proderat:
1344 1078 1576 1150 de'inde
1596 1102 1678 1149 ne
1698 1076 1811 1175 ipsi
1831 1079 2098 1176 quidem
2123 1082 2350 1152 invio-

384 1183 504 1251 lati
525 1203 709 1253 erant
734 1179 997 1279 3utique
1016 1176 1365 1278 postremis
1395 1175 1717 1248 mensibus
1736 1234 1752 1260 ,
1786 1203 1987 1276 quum
2006 1186 2068 1251 δι
2092 1203 2210 1274 per
2227 1206 2350 1251 co·

381 1277 626 1352 itiones
643 1280 1093 1377 potentiorum
1112 1277 1344 1368 injuria
1363 1275 1644 1358 fleret,&
1655 1277 1748 1348 vis
1768 1273 2104 1372 potestatis
2122 1281 2346 1350 omnis

385 1380 729 1478 aliquanto
749 1371 1114 1476 posteriore
1137 1376 1283 1447 anni
1302 1399 1484 1474 parte
1506 1377 1874 1474 languidior
1896 1372 2102 1447 ferme
2134 1373 2291 1448 esset
2308 1399 2332 1448 ε

379 1478 645 1575 jamque
666 1478 850 1572 plebs
875 1478 964 1547 ita
995 1477 1059 1545 in
1095 1474 1427 1548 tribunatu
1454 1500 1699 1572 ponere
1717 1474 1960 1572 aliquid
1989 1471 2163 1573 spei,
2181 1474 2226 1546 si
2256 1475 2345 1547 fi-

382 1576 575 1647 miles
597 1577 788 1645 Icilio
806 1575 1105 1646 tribunos
1131 1573 1451 1645 haberem
1491 1574 1759 1645 nomine
1783 1594 2037 1645 tantum
2076 1570 2136 1644 se
2155 1575 2349 1646 bien·

384 1675 500 1744 nio
517 1671 821 1745 habuiss'e.
874 1674 1178 1747 Seniores
1198 1695 1427 1743 contra
1447 1680 1711 1746 Patrum
1729 1718 1751 1752 ‚
1780 1694 1851 1744 ut
1869 1672 2059 1743 nimis
2083 1668 2341 1746 seroces

383 1769 532 1843 suos
555 1773 820 1843 credere
837 1773 1104 1865 juvenes
1123 1768 1376 1856 ess'e3ita
1402 1769 1435 1816 b
1461 1773 1682 1850 malle,
1706 1770 1750 1841 si
1770 1783 2003 1843 modus
2021 1774 2352 1845 exceden-

386 1870 505 1941 dus
529 1867 711 1954 esset,
738 1868 859 1941 suis
882 1894 1077 1968 quam
1115 1868 1486 1942 adversariis
1525 1866 1837 1966 superesse
1859 1872 2136 1941 animos.
2174 1873 2344 1943 adeo

383 1969 759 2042 moderatio
802 1969 1056 2040 tuendae
1082 1968 1431 2048 libertatis,
1470 1968 1625 2038 dum
1660 1968 1901 2068 aequafl
1941 1971 2109 2042 velle
2143 1969 2344 2042 fimu-

380 2061 693 2158 landofflita
710 2065 773 2140 se
791 2064 1060 2168 quisque
1080 2069 1368 2151 extollit,
1391 2089 1460 2137 ut
1476 2068 1803 2164 deprimat
1825 2066 2048 2150 alium,
2083 2072 2149 2139 in
2169 2068 2346 2142 diffi-

379 2168 489 2238 cili
510 2166 644 2254 est;
676 2168 1104 2266 cavendoque
1126 2193 1207 2239 ne
1234 2189 1528 2238 metuant
1554 2168 1856 2240 homines
1881 2212 1901 2247 ,
1940 2168 2338 2242 metuendos

378 2267 557 2337 ultro
594 2265 656 2338 se
679 2269 969 2343 efficiunt
997 2298 1012 2336 ι
1053 2275 1115 2342 δι
1161 2267 1458 2360 injuriam
1491 2269 1532 2337 *a
1559 2267 1751 2338 nobis
1793 2265 2110 2363 repulsam
2133 2314 2154 2348 ‚
2187 2290 2339 2337 tan,

377 2382 575 2464 quam
617 2388 723 2440 aut
750 2366 962 2440 facere
995 2389 1102 2436 aut
1145 2367 1275 2464 pati
1318 2363 1569 2438 necesse
1603 2366 1718 2447 sit,
1749 2366 2147 2465 injungimus
2169 2366 2333 2436 aliis.

262 2461 364 2541 ,66
380 2472 396 2541 .¹
418 2467 507 2535 T.
534 2471 849 2561 Qintius
875 2467 1290 2562 Capitolinus
1323 2490 1625 2565 quartum
1645 2522 1662 2549 ,
1699 2476 1762 2540 δι
1789 2469 2082 2564 Agrippa
2107 2468 2332 2563 Furius

370 2562 672 2639 consules
689 2570 841 2641 inde
858 2565 1035 2646 facti,
1063 2592 1181 2636 nec
1205 2560 1592 2636 seditionem
1615 2563 1795 2636 domi
1820 2610 1840 2644 ‚
1861 2590 1980 2637 nec
2005 2560 2164 2635 foris
2186 2564 2337 2636 bel-

368 2661 507 2733 lum
540 2691 970 2766 acceperunt:
1013 2663 1123 2737 sed
1159 2663 1548 2735 imminebat
1586 2683 1964 2760 utrumque.
2005 2668 2149 2754 Jam
2190 2687 2332 2734 non

368 2763 540 2835 ultra
575 2764 895 2840 discordia
928 2767 1170 2838 civium
1205 2762 1470 2858 reprimi
1504 2783 1801 2857 poterat,
1847 2772 1913 2834 &
1945 2761 2220 2830 tribunis
2260 2772 2334 2836 δι

367 2861 566 2960 plebe
582 2868 846 2938 incitata
861 2868 925 2936 in
950 2873 1199 2941 Patres,
1221 2886 1421 2958 quum
1440 2860 1578 2931 dies
1599 2859 1787 2929 alicui
1804 2858 2126 2926 nobilium
2148 2860 2334 2931 dicta

364 2962 561 3037 novis
580 2960 830 3060 semper
849 2962 1314 3034 certaminibus
1339 2958 1691 3037 conciones
1728 2954 2038 3025 turbaret.
2059 2954 2137 3024 ad
2161 2977 2335 3053 qua-

362 3084 505 3130 rum
525 3061 803 3157 primum
830 3062 1165 3158 strepitum
1191 3112 1211 3142 ,
1247 3058 1428 3127 velut
1471 3055 1516 3126 si
1568 3070 1660 3123 no'
1691 3074 1986 3150 accepto,
2013 3072 2190 3124 arma
2213 3080 2333 3126 ce-

360 3184 519 3257 pere
543 3164 727 3262 AEqui
748 3186 822 3234 ac
848 3155 1081 3239 Volsci
1105 3188 1121 3231 ι
1148 3158 1331 3233 simul
1356 3083 1560 3255 quod3
1558 3148 1997 3253 persuaserant
2021 3154 2097 3226 iis
2121 3153 2328 3237 duces

2140 3278 2218 3324 cu
2294 3296 2329 3312 -·

356 3353 730 3407 haltai-offensus
745 3345 1175 3422 repetitioneff'ut.
1203 3353 1299 3402 sub-
1585 3355 1628 3399 V
1666 3363 1701 3397 a
1743 3363 1780 3399 n
1810 3363 1828 3395 ι
1873 3364 1906 3398 o
1944 3354 1981 3397 ιι
2023 3360 2054 3394 u
2092 3360 2150 3397 u.
2226 3256 2292 3352 pi

358 3424 520 3480 sthuit,
532 3429 599 3475 ita
614 3429 683 3474 iun·
695 3429 895 3497 legitimi.
912 3422 1025 3475 Vlde
1039 3419 1295 3489 quoeadlib.
1455 3444 1476 3477 1
1518 3433 1569 3477 T.
1584 3429 1800 3497 Qnrinu
1817 3429 2080 3495 Capitolinus
2097 3443 2166 3487 gv.
2194 3428 2252 3478 &-
2268 3420 2328 3480 A..

355 3495 431 3549 18,
445 3512 487 3551 9·
504 3499 552 3544 ὅ(
569 3494 643 3541 lib.
668 3502 735 3551 36,
757 3509 791 3544 r.
1377 3500 1528 3547 Furius
1544 3500 1674 3561 s‘ffi]
1702 3501 1806 3544 Hoc
1821 3496 1930 3544 loco
1957 3498 2058 3544 satis
2084 3492 2326 3559 diligenter

366 3564 376 3575 ·
426 3559 457 3605 b
483 3565 621 3609 Malle
634 3564 884 3623 fiumina]
915 3560 1150 3608 Terentius
1166 3554 1304 3607 Adel·
1378 3567 1525 3611 Livius
1556 3564 1806 3628 Capitolini
1836 3564 2048 3612 Consulis
2073 3577 2219 3611 annos
2235 3578 2322 3610 nu-

354 3631 482 3691 phis:
519 3638 614 3678 Non
639 3633 889 3677 innuerunt.
922 3644 1071 3678 verum
1096 3630 1145 3681 in
1170 3628 1300 3695 istam
1373 3629 1731 3698 nteravit,quod
1754 3632 1874 3679 libro
1892 3629 2091 3679 secundo
2105 3628 2330 3681 omissum

342 3701 833 3780 gastempriupecun
851 3711 1020 3752 nmen·
1341 3742 1350 3748 .
1368 3699 1456 3759 bis,
1473 3715 1579 3750 ante
1591 3700 1737 3750 testati
1749 3700 1917 3752 armus.
1932 3702 2140 3752 Glareaet.
2149 3770 2189 3816 G

2202 3778 2236 3813 n
2252 3779 2310 3814 ο-
