2593 4366
883 127 947 199 L
999 148 1030 196 1
1080 151 1121 199 B
1168 150 1223 199 ε’
1253 150 1306 201 R
1401 133 1437 199 1
1457 129 1538 198 Χ.
2042 148 2196 224 725

233 222 455 302 'terius
477 227 1192 329 argento'caelaverunt.
1238 229 1630 300 Formaerat
1644 223 1805 298 scuti
1827 254 1845 296 t
1868 224 2199 322 summum

235 330 442 400 latius
461 354 590 427 qua
610 329 837 427 pestus
854 331 1054 427 'atque
1068 326 1326 400 humeri
1337 347 1649 423 teguntur
1666 378 1683 402 ‚
1700 323 1959 425 fastigio
1982 354 2203 427 aequa-

231 428 292 498 li
319 455 337 498 ε
377 430 457 500 ad
475 431 682 500 imum
701 429 1043 499 cuneatior
1061 481 1080 510 ‚
1100 422 1489 496 mobilitatis
1507 422 1713 500 caussa
1737 454 1753 496 :
1791 423 2063 526 spongia
2082 453 2200 524 pe-

161 593 173 606 ,
232 527 426 599 &cori
447 548 940 627 tegumentumt
966 536 1029 600 δι
1053 522 1374 598 linisttum
1397 548 1538 595 ctus
1553 550 1752 598 ocrea
1770 528 2017 598 testum
2040 554 2058 597 t
2080 552 2199 625 ga·-

230 628 367 698 leae
384 627 683 708 cristatae,
705 652 847 726 quae
870 623 907 696 s
897 625 1151 724 peciem
1172 621 1605 723 magnitudini
1625 649 1981 723 corporum
1995 627 2201 699 adde-

229 747 419 798 tent.
452 726 690 799 tunicae
710 727 946 797 auratis
987 723 1307 797 militibus
1331 720 1756 795 versicolores
1778 769 1801 804 ‚
1838 725 2195 825 argentatis

231 824 468 897 linteae
488 826 801 898 candidat.
838 824 938 896 his
972 824 1275 895 dextrum
1312 846 1519 891 cornu
1541 822 1803 893 datumz
1839 824 1936 894 illi
1957 824 2023 895 in
2046 823 2197 895 sini-

233 920 384 995 stro
423 923 806 996 consistunt.
871 928 1099 996 Notus
1137 924 1270 1016 jam
1307 921 1632 1016 Romanis
1667 944 2006 1018 apparatus
2047 922 2196 995 insi-

230 1024 472 1122 guium
496 1049 830 1096 armorum
848 1020 1058 1110 fuerat
1077 1049 1095 1091 ε
1131 1021 1446 1118 doctique
1465 1020 1502 1088 ἃ
1521 1020 1792 1092 ducibus
1811 1029 1995 1091 erant
2009 1065 2030 1102 ,
2064 1024 2195 1091 hor-

228 1123 434 1192 aridum
453 1126 694 1192 militem
717 1125 816 1219 ‘effe
848 1121 1089 1212 debere3
1121 1145 1228 1190 non
1240 1122 1498 1195 celatum
1528 1142 1667 1189 auro
1694 1139 2034 1213 argentoque
2047 1164 2068 1198 ‚
2092 1119 2198 1214 sed

219 1218 394 1312 ferro
413 1221 485 1297 &⁶
503 1226 705 1292 animis
712 1222 960 1311 fretum.
992 1224 1193 1317 quippe
1203 1221 1304 1290 illa
1316 1221 1561 1311 predam
1577 1221 1760 1290 verim
1774 1274 1794 1301 ,
1838 1241 2012 1309 quam
2028 1238 2196 1288 arma

231 1320 342 1414 effl-
362 1352 384 1411 3
420 1323 668 1389 nitentia
678 1339 814 1389 ante
830 1342 953 1388 rem
974 1373 992 1399 ‚
1033 1317 1310 1409 deformia
1342 1321 1494 1394 inter
1494 1317 1831 1411 sanguinem
1847 1318 1921 1393 ά
1940 1319 2192 1388 vulnera.

232 1421 528 1489 Virtutem
544 1420 640 1512 effe
655 1421 859 1487 militis
879 1417 1054 1498 decus,
1078 1419 1148 1494 (7
1165 1421 1354 1486 omnia
1371 1418 1468 1486 illa
1485 1419 1774 1488 victoriam
1774 1417 1937 1512 sequi
1953 1442 1975 1485 ,.·
2000 1416 2073 1494 όν
2094 1415 2190 1483 di·-

228 1535 362 1586 tem
381 1513 584 1608 hqllem
601 1525 855 1607 quamvis
875 1526 1129 1607 pauperis
1154 1518 1375 1587 vic‘toris
1386 1517 1678 1605 premium
1696 1519 1814 1611 ‘’ffi'·
1867 1517 1992 1587 His
2020 1519 2196 1587 Cur-

230 1613 349 1686 sor
370 1615 642 1687 vocibus
679 1615 1016 1685 instinctos
1042 1616 1284 1686 milites
1305 1615 1373 1684 in
1397 1615 1689 1709 praelium
1709 1614 1913 1686 duxit.
1952 1616 2190 1686 dextro

232 1710 378 1808 ipse
415 1738 623 1784 cornu
644 1713 970 1786 consistite
1005 1713 1259 1787 finistro
1279 1710 1968 1813 ptaefccitmagistrum
2004 1714 2195 1812 equi-

229 1834 403 1887 tum·
454 1813 657 1886 Simul
675 1814 772 1887 est
793 1810 1180 1886 concursum
1200 1849 1221 1892 5
1257 1816 1490 1913 ingens
1510 1808 1631 1884 fuit
1651 1838 1800 1884 cum
1837 1811 2023 1884 hoste
2047 1831 2193 1885 cer·-

225 1933 621 1996 tamemnon
636 1910 890 2013 segnius
913 1915 1084 1984 inter
1100 1915 1495 1985 dictatorcm
1515 1923 1581 1986 &
1605 1910 1981 2011 magistrum
2001 1913 2195 2010 equi-

231 2031 406 2098 tum,
434 2010 516 2083 ab
534 2034 677 2083 utra
695 2021 880 2110 parte
897 2013 1170 2086 vidioria
1192 2013 1537 2110 inciperet.
1561 2012 1754 2085 Prior
1768 2008 1945 2084 forte
1960 2011 2193 2105 Junius

229 2114 609 2183 commovit
626 2113 910 2194 hostem,
934 2113 1105 2185 laevo
1121 2113 1428 2185 dextrum
1450 2108 1975 2194 cornu,sacratos
1998 2135 2189 2182 more

224 2212 617 2284 Samnitium
638 2214 904 2294 militeS,
928 2237 1146 2310 eoque
1165 2213 1439 2283 candida
1457 2212 1729 2290 vestm&
1748 2212 2010 2307 paribus
2031 2235 2188 2280 can·-

230 2311 399 2383 dore
420 2312 623 2382 armis
648 2312 957 2407 infignes.
991 2336 1106 2383 eos
1127 2307 1191 2380 se
1212 2312 1407 2380 Orco
1429 2312 1716 2379 mat‘itare
1735 2313 1961 2401 Junius
1989 2307 2188 2377 disti-0

229 2431 381 2480 tans
402 2464 420 2490 ,
468 2433 670 2505 quum
688 2404 999 2477 intuliffet
1021 2409 1200 2504 ligna
1220 2449 1242 2485 ‚
1277 2405 1562 2475 turbavit
1584 2407 1848 2476 ordines
1869 2453 1890 2487 ,
1921 2416 1985 2480 δι
2011 2404 2184 2477 haud

227 2508 433 2579 dubie
452 2505 714 2600 impulit
736 2506 969 2575 aciem.
1017 2505 1225 2599 Qod
1247 2503 1360 2573 ubi
1379 2498 1569 2574 senfit
1586 2504 1870 2575 distator
1887 2548 1909 2584 ,
1932 2504 2187 2580 ableto-
2277 2562 2284 2575 .

226 2629 305 2674 ne
314 2626 485 2673 cornu
502 2606 737 2674 vidoria
751 2606 987 2694 incipiet
1003 2612 1038 2673 ἓ
1059 2602 1275 2700 inquit
1295 2630 1313 2670 ε
1340 2603 1415 2678 &⁶
1435 2602 1705 2671 dextrum
1720 2625 1906 2686 cornu,
1935 2605 2181 2671 dietata-

234 2706 319 2772 ris
338 2707 510 2783 acies,
529 2703 781 2775 alienam
785 2722 1035 2795 pugnam
1040 2703 1317 2797 sequetur
1338 2750 1360 2784 ,
1380 2724 1486 2770 non
1498 2719 1725 2794 partem
1746 2705 2070 2775 maximam
2087 2705 2181 2773 vi-

229 2806 406 2875 &toria
447 2803 642 2874 trahet
667 2810 702 2873 ,ἒ
751 2803 1066 2874 Concitat
1108 2795 1375 2875 milites.
1431 2798 1554 2871 nec
1616 2802 1906 2896 peditum
1949 2801 2178 2873 virtuti

227 2903 489 3000 equites
514 2950 539 2984 ,
578 2925 683 2973 aut
698 2902 1069 3000 legatorum
1089 2900 1292 2973 studia
1310 2900 1580 2974 ducibus
1600 2901 1864 2972 cedunt.
1918 2906 2016 2975 M.
2042 2907 2187 2972 Va-

229 3002 425 3072 lerius
450 3002 483 3073 a
505 2999 741 3074 dextro
759 3047 779 3080 ‚
805 3008 879 3073 P.
900 3002 1146 3071 Decius
1169 2999 1251 3071 ab
1268 3003 1439 3073 laevo
1458 3026 1664 3071 cornu
1685 3046 1705 3080 ‚
1723 2999 1919 3072 ambo
1943 3000 2181 3070 consu-

227 3100 422 3179 lares,
441 3103 518 3173 ad
536 3102 793 3201 equites
812 3102 880 3170 in
897 3100 1206 3172 cornibus
1231 3098 1477 3198 politos
1500 3098 1871 3172 evehuntur
1893 3127 1913 3169 a
1936 3100 2182 3171 adhor-

200 3198 483 3295 -tatique
517 3226 670 3283 eoS,
706 3222 777 3272 ut
814 3222 1065 3297 partem
1084 3196 1299 3272 secum
1332 3195 1732 3297 capess'erent
1762 3200 2023 3271 decoris
2047 3244 2067 3276 ,
2110 3189 2178 3268 in

235 3293 593 3368 transversa
632 3300 835 3370 latera
868 3297 1153 3371 hostium
1169 3299 1535 3377 incurrunt.
1587 3304 1654 3369 Is
1676 3290 1885 3375 novus
1922 3298 2178 3369 additus

234 3415 472 3476 terror,
498 3421 698 3493 quum
721 3421 799 3466 cx
821 3422 1002 3492 parte
1024 3420 1300 3496 utraque
1320 3396 1817 3469 circumvafiffet
1837 3397 2043 3469 aciem
2060 3455 2077 3479 ‚
2106 3407 2174 3469 &

238 3492 317 3562 ad
352 3517 676 3565 terrorem
712 3494 993 3567 hostium
1029 3499 1326 3597 legiones
1364 3500 1681 3569 Romana:
1722 3495 2173 3595 redintegrato

235 3593 525 3663 clamore
543 3590 893 3665 intuliffent
914 3599 1209 3693 gradum3
1229 3618 1370 3666 tum
1388 3592 1541 3693 fuga
1561 3596 1594 3663 a
1613 3595 2012 3668 Samnitibus
2035 3622 2179 3666 coen

234 3714 363 3791 pta.
387 3696 533 3788 Jam
554 3690 765 3799 strage
785 3692 1126 3775 hominum
1148 3719 1615 3792 armorumque
1636 3694 1981 3808 insignium
2001 3720 2183 3806 cam?

1393 3798 1448 3865 Z
1472 3818 1506 3863 z
1559 3820 1594 3899 3
2031 3867 2037 3874 .
2114 3816 2184 3901 px
