2593 4366
423 112 538 212 76
539 134 581 186 2
1091 109 1189 185 T.
1283 112 1348 181 L
1402 127 1437 180 1
1466 131 1540 182 v
1592 130 1626 181 1
1674 111 1715 182 Γπ

426 211 612 287 noris
645 208 853 286 cauffa
864 257 889 295 ‚
911 213 1123 312 'quam
1145 230 1219 281 ut
1238 209 1500 310 patricii
1514 231 1981 309 recuperarent
1994 212 2136 288 duo
2153 212 2429 294 consu-

422 313 584 387 laria
600 313 748 386 loca
761 359 786 394 ,
870 338 1021 384 uum
1038 311 1164 383 suis
1187 355 1209 391 ‚
1243 333 1391 382 tum
1409 311 1617 382 totius
1635 310 2003 384 nobilitatis
2023 317 2299 390 viribus
2312 323 2419 394 in.

421 412 654 489 cubuit
673 463 695 497 ,
712 435 789 485 ut
837 439 875 485 e
896 438 1046 490 cum
1068 418 1167 498 Q.
1185 409 1393 482 Fabio
1411 405 1750 484 consulem
1764 411 2098 488 dicerent.
2150 419 2417 495 Fabius

418 513 647 612 primo
667 566 692 601 ,
710 512 794 585 de
813 508 882 584 se
894 511 1128 584 eadem
1149 505 1291 583 fere
1309 535 1456 610 quae
1471 511 1695 609 priore
1716 536 1896 583 anno
1914 513 2221 589 dicendo
2243 564 2270 600 ,
2292 522 2416 593 ab-

415 637 647 688 nuere.
681 611 1098 685 circumstare
1117 607 1347 683 sellam
1362 611 1584 682 omnis
1599 609 1923 682 nobilitas
1943 658 1967 694 ,
1996 639 2211 690 orare
2229 641 2308 692 ut
2326 647 2415 694 ex

411 733 622 787 coeno
633 712 902 811 plebeio
915 707 1327 784 consulatum
1341 710 1720 783 extraheret
1737 760 1761 796 ,
1797 724 1824 753 ²
1839 714 2412 820 majestatemque

412 812 748 910 pristinam
765 833 910 883 tum
933 810 1178 884 honori
1198 857 1223 892 ,
1258 832 1401 883 tum
1418 811 1707 908 patriciis
1727 813 2047 909 gentibus
2061 819 2409 893 redderet.

412 911 658 984 Fabius
689 909 956 984 filentio
993 907 1176 983 fafl:o
1212 911 1437 984 media
1463 912 1771 983 oratione
1803 909 2024 984 studia
2043 915 2401 992 hominum

409 1006 691 1085 sedavit.
712 1005 1035 1084 faRurum
1055 1011 1232 1083 enim
1254 1006 1321 1083 se
1343 1006 1524 1082 fuisse
1546 1010 1715 1083 dixit
1733 1057 1757 1093 ‚
1780 1032 1856 1082 ut
1879 1012 2166 1086 duorum
2185 1019 2399 1114 patri-

410 1109 678 1184 ciorum
695 1111 967 1183 nomina
986 1111 1316 1207 reciperet
1332 1156 1358 1191 ‚
1397 1109 1444 1183 fi
1466 1110 1669 1182 alium
1702 1137 1913 1211 quam
1951 1110 2012 1185 se
2042 1114 2392 1189 consulem

413 1208 559 1284 fieri
576 1210 865 1286 videtete
887 1231 1033 1281 nsmc
1041 1208 1103 1307 se
1111 1210 1205 1309 sui
1219 1213 1504 1281 rationem
1515 1213 1768 1280 comitiis
1784 1266 1805 1295 ,
1828 1233 2008 1304 quant
2019 1231 2211 1283 ema
2224 1216 2385 1306 leges

400 1307 784 1410 ficturum-(it,
801 1314 1026 1406 pessimo
1042 1313 1302 1405 exemplo
1317 1333 1424 1381 non
1441 1310 1791 1381 habitumn.
1839 1319 1946 1382 lta
1965 1313 2196 1386 Lucius
2215 1319 2386 1386 Vo-

412 1409 706 1484 lumnius
743 1410 828 1484 de
855 1411 1054 1509 plebe
1075 1431 1230 1483 cum
1260 1416 1395 1509 Ap.
1415 1409 1706 1484 Claudio
1726 1425 1757 1459 ²
1775 1407 2002 1484 consul
2034 1411 2126 1484 est
2142 1413 2379 1501 haum

412 1511 624 1608 priori
639 1511 802 1584 item
825 1506 1166 1583 consulatu
1181 1510 1355 1585 inter
1373 1505 1438 1582 se
1453 1512 1847 1608 comparati.
1892 1510 2234 1584 Nobilitas
2251 1511 2381 1583 ob-

412 1612 664 1706 {efflue
684 1607 1152 1711 Fabio‚fugiffe
1168 1636 1323 1684 enm
1337 1610 1635 1708 Appium
1653 1609 2009 1683 Claudiurn
2023 1612 2203 1684 colle
2353 1653 2385 1693 2

413 1711 806 1810 eloquentia
825 1757 849 1794 ,
881 1709 1318 1811 civilibusque
1354 1709 1600 1781 artibus
1637 1708 1814 1782 haud
1849 1709 2050 1782 dubie
2123 1637 2382 1785 raeffi-

317 1823 407 1911 36
419 1830 584 1883 tem.
638 1811 956 1882 Comitiis
975 1807 1291 1908 perfeffls
1310 1860 1332 1894 ‚
1354 1830 1617 1882 veteres
1639 1805 1943 1882 consules
1962 1812 2028 1902 ju
2123 1812 2371 1882 bellum

413 1908 486 1980 in
520 1908 792 1984 Samnio
831 1934 1067 2007 gerere
1087 1942 1108 1996 ς
1142 1930 1514 2008 prorogato
1548 1909 1617 1979 in
1643 1903 1753 1990 sex
1785 1907 2047 1981 menses
2077 1912 2381 2007 imperio.

413 2011 670 2106 Itaque·
693 2001 1066 2176 insequenti
1093 2032 1368 2107 quoque
1401 2032 1578 2079 anno
1617 2013 1702 2079 L.
1722 2009 2096 2080 Volumnio
2130 2018 2194 2084 δι
2236 2012 2383 2106 Ap.

415 2106 710 2180 Claudio
725 2125 857 2176 con
888 2106 1128 2190 ulibusss
1141 2117 1213 2183 P.
1230 2107 1512 2190 Decius,
1535 2108 1646 2208 qui
1661 2104 1879 2181 consul
1896 2108 1962 2177 in
1977 2108 2250 2179 Samnio
2268 2132 2377 2181 re-

418 2207 614 2279 naus
654 2206 692 2279 a
726 2207 991 2307 collega
1010 2202 1265 2295 fueram
1309 2204 1668 2306 proconsul
1701 2209 1868 2281 idem
1896 2204 2196 2305 populari
2229 2231 2375 2278 non

415 2306 674 2381 destitit
695 2331 891 2407 agros
911 2352 934 2387 ‚
957 2308 1174 2382 donec
1187 2308 1580 2382 Samnitium
1596 2309 1953 2380 exercitum
1972 2301 2279 2405 nusquam
2301 2302 2372 2376 se

415 2408 652 2506 praelio
669 2407 1232 2492 committentem,
1254 2406 1599 2507 postremo
1621 2408 1871 2505 expulit
1886 2406 2144 2480 finibus.
2160 2406 2372 2478 Etru·

417 2508 584 2577 riam
604 2506 766 2605 pulfi
783 2507 1119 2604 petierunt
1139 2534 1159 2578 ε
1180 2517 1247 2584 &
1268 2509 1456 2607 quod
1473 2508 1915 2609 legationibus
1937 2506 2376 2607 nequicquam

416 2602 586 2704 saepe
599 2627 1015 2679 tentaverant
1033 2664 1056 2691 ‚
1089 2609 1155 2680 id
1172 2604 1236 2678 se
1254 2628 1445 2678 tanto
1468 2608 1731 2708 agmine
1749 2629 2155 2680 armatorum
2175 2603 2372 2678 mistis

422 2723 681 2776 terrore
703 2706 1009 2803 precibus
1032 2751 1055 2786 ‚
1074 2709 1337 2778 aaut-os
1355 2706 1684 2780 efficacius
1704 2707 1825 2777 rati
1845 2758 1869 2792 ‚
1890 2705 2374 2806 postulaverunt
2478 2754 2479 2757 ,

417 2803 794 2901 principum
823 2806 1102 2878 Etruriae
1119 2805 1500 2877 concilium.
1558 2811 1737 2903 Qo
1755 2808 2041 2890 coacto,
2079 2823 2372 2905 perquot

419 2922 631 2973 annos
650 2929 778 3001 pro
793 2890 1097 2977 liber'tate
1116 2903 1434 2977 dimicent
1454 2931 1606 2977 cum
1635 2907 1993 2987 Romanis,
2012 2924 2367 3004 exponunt.

419 3004 614 3071 omnia
629 3023 890 3095 expertos
925 3005 1055 3099 effe,
1071 3003 1125 3101 fi
1140 3002 1379 3100 suismet
1394 3004 1637 3100 ipsorum
1660 3004 1868 3076 viribus
1885 3007 2127 3077 tolerare
2157 3022 2380 3075 tantam

420 3104 628 3171 molem
661 3102 787 3174 belli
813 3103 1053 3198 poffent:
1091 3103 1320 3199 rentaffe
1341 3107 1520 3173 etiam
1539 3104 1896 3195 haudmagm·
1914 3108 2192 3177 momenti
2202 3103 2387 3201 finiti-

418 3222 651 3272 marum
654 3205 919 3294 gentium
936 3205 1164 3287 auxilia
1180 3228 1200 3271 .·
1218 3201 1407 3297 pettffe
1416 3220 1619 3294 pacem
1634 3195 1672 3270 ἆ
1684 3204 1881 3295 populo
1902 3216 2160 3297 Romano
2179 3255 2200 3287 ,
2220 3225 2386 3297 quum

418 3298 625 3374 bellum
656 3302 895 3372 tolerare
917 3324 1023 3370 non
1062 3303 1262 3399 paffent
1276 3328 1298 3372 .·
1334 3301 1605 3397 rebellaffi
1619 3357 1640 3383 ,
1684 3304 1834 3393 quod
1858 3322 1985 3397 pax
2005 3298 2384 3399 servientibnu

2124 3423 2387 3498 gravior,

412 3616 525 3668 ...„-
538 3543 1357 3679 mma-mma
1659 3578 1700 3622 ο
1734 3586 2176 3629 ........

412 3680 535 3734 litas,
551 3677 582 3726 fi
596 3675 692 3727 duo
708 3714 724 3736 ‚
740 3694 792 3727 ut
803 3693 910 3728 ante
923 3715 936 3736 .
964 3686 1142 3746 patricii
1155 3682 1363 3733 consules
1504 3688 1533 3723 a
1564 3679 1716 3743 consu!
1726 3679 1944 3745 offatim.
1961 3686 1983 3741 ]
1997 3674 2227 3727 Fotraffe:
2246 3677 2402 3726 ιιι-ἰιι

405 3747 512 3798 fieti
522 3742 721 3798 fuiss‘ent.
754 3753 974 3816 Sagarim.
1440 3746 1695 3802 Volumni-0
1704 3750 1885 3819 defle&
1894 3765 1993 3797 m
2009 3750 2413 3874 Apelautbffi
