2593 4366
399 146 501 216 94
1083 120 1177 190 12
1274 121 1415 191 1.1
1465 145 1507 189 v
1563 143 1590 189 1
1641 140 1671 188 1

397 221 551 291 dem
573 215 735 288 belli
758 217 986 287 auctor
1021 213 1175 296 esse,
1216 218 1283 287 in
1303 243 1389 289 eo
1407 216 1522 288 fibi
1540 215 1930 315 praecipuam
1953 219 2368 316 prudentiam

397 313 737 396 assumere,
759 316 939 413 quod
970 312 1301 413 utriusque
1322 319 1548 414 populi
1566 318 1731 388 vires
1754 315 1996 399 nosset,
2037 317 2365 420 sciretque

396 413 669 488 invisam
690 411 996 512 profeesto
1019 412 1385 511 superbiam
1414 416 1662 515 regiam
1694 415 1940 488 civibus
1957 414 2122 498 effe,
2156 446 2359 518 quam

392 513 563 588 ferre
584 541 666 586 ne
690 515 878 585 liberi
907 514 1175 614 quidem
1207 511 1586 611 potuissent.
1630 521 1732 586 Ita
1766 541 1966 613 quum
2003 513 2232 590 seusun
2272 520 2357 592 ad

394 613 849 687 rebellandum
871 615 1194 710 primores
1225 613 1647 686 Gabinorum
1669 613 2007 695 incitaret,
2041 614 2173 713 ipse
2203 645 2355 691 cum

398 712 897 811 promptiffimis
926 715 1237 804 juvenum
1267 714 1629 812 praedatum
1663 736 1859 812 atque
1881 716 1947 784 in
1986 717 2363 813 expeditio-

396 839 513 883 nes
534 812 689 892 iret,
723 823 786 885 δι
808 812 997 883 dietis
1040 807 1356 910 fafflsque
1389 811 1699 883 omnibus
1741 814 1821 883 ad
1855 809 2210 886 fallendum
2250 817 2359 888 ina

394 911 651 983 structis
678 937 841 982 vana
860 908 1258 983 accresceret
1277 908 1477 996 fidet-23
1501 912 1632 982 dux
1654 911 1732 981 ad
1749 912 2053 1001 ultimum
2080 913 2236 985 belli
2256 915 2357 987 le-

391 1011 590 1109 gitur..
642 1009 743 1081 Ibi
763 1037 993 1108 quum,
1011 1006 1208 1081 inscia
1223 1009 1643 1081 multitudine
1660 1010 1820 1108 quid
1839 1034 2359 1112 ageretur,proe-

394 1112 482 1180 lia
501 1111 883 1207 parvainter
909 1113 1199 1182 Romam
1223 1105 1493 1179 Gabios
1533 1134 1611 1181 ue
1629 1107 1865 1181 fierent
1885 1166 1904 1194 ,
1935 1110 2172 1210 quibus
2206 1113 2355 1208 ple-

396 1234 676 1309 rumque
697 1208 962 1281 Gabina
980 1231 1081 1279 res
1100 1204 1391 1305 superior
1408 1136 1566 1280 essqet
1587 1236 1607 1277 t
1645 1229 1784 1280 tum
1802 1210 2099 1280 certatim
2119 1206 2357 1282 summi

352 1372 357 1376 .
394 1306 738 1407 infimique
775 1308 1195 1380 Gabinorum
1246 1314 1397 1380 Sex.
1434 1308 1872 1407 Tarquinium
1904 1308 2087 1380 dono
2125 1306 2360 1381 Det‘im

400 1407 518 1477 fibi
537 1404 788 1478 miss'um
806 1408 1042 1479 ducem
1061 1406 1354 1479 credere.
1386 1408 1586 1505 Apud
1606 1408 1850 1478 milites
1865 1432 2026 1479 vero
2041 1408 2357 1480 obeundo

330 1595 334 1599 ᾗ
401 1508 693 1601 pericula
709 1532 781 1577 ac
800 1508 1086 1585 labores,
1103 1507 1345 1604 pariter
1360 1507 1645 1603 praedam
1662 1504 1968 1578 munifice
1986 1508 2354 1608 largiendo,

401 1626 585 1674 tanta
619 1607 889 1677 caritate
905 1604 1068 1685 esse,
1104 1628 1175 1676 ut
1208 1631 1343 1675 non
1363 1629 1548 1701 pater
1577 1607 1975 1705 Tarquinius
2013 1609 2357 1704 potentior

403 1705 668 1779 Romae.
692 1729 887 1802 quam
912 1703 1080 1775 filius
1101 1703 1338 1775 Gabiis
1354 1701 1535 1776 esset.
1584 1710 1820 1802 Itaque
1842 1704 2187 1805 postquam
2204 1702 2354 1776 satis

401 1802 637 1873 virium
651 1805 1005 1874 collectum
1026 1803 1105 1873 ad
1124 1827 1359 1873 omnes
1381 1824 1656 1873 conatus
1677 1802 1939 1873 videbat
1963 1832 1980 1874 ε
2018 1829 2155 1875 tum
2180 1804 2216 1876 ὲ
2232 1802 2361 1876 suis

400 1926 601 1971 unum
624 1897 1012 1972 sciscitatum
1035 1903 1324 1975 Romam
1344 1903 1420 1973 ad
1444 1923 1695 1999 patrem
1717 1903 1942 1980 mittit,
1962 1903 2270 2000 quidnam
2293 1900 2358 1977 se

399 1997 619 2071 facere
652 2002 856 2070 vellet
892 2005 921 2068 ἓ
986 2001 1521 2099 quandoquidem
1566 2022 1637 2070 ut
1665 2002 1890 2070 omnia
1920 2025 2079 2070 unus
2114 2001 2354 2073 Gabiis

129 2121 261 2197 4120,-
397 2096 608 2197 posset
689 2097 1214 2171 UDiide'diss‘entd
1249 2100 1423 2170 Huic
1445 2099 1711 2182 nuncio,
1737 2101 1889 2198 quia
1920 2101 2122 2171 credo
2144 2100 2360 2199 dubiae

356 2180 554 2271 ‘fidei
577 2200 942 2281 videbatur,
958 2199 1117 2269 nihil
1143 2224 1309 2270 voce
1329 2195 1704 2296 responsum
1724 2199 1842 2270 est.
1864 2223 1974 2271 rex
1995 2202 2171 2272 velut
2190 2201 2360 2271 deli·

396 2298 837 2380 berabundus,
853 2301 920 2389 in
943 2298 1208 2369 bortum
1227 2299 1460 2371 aedium
1483 2298 1707 2370 transit
1728 2344 1747 2379 ‚
1767 2294 2083 2396 sequente
2112 2300 2358 2370 nuncio

398 2396 519 2469 filii
541 2398 672 2469 :ibi
693 2370 1358 2469 iffiffilihsssffi‘iacitus
1378 2445 1400 2478 ‚
1422 2395 1670 2470 summa
1706 2422 2098 2497 papaverum
2137 2398 2353 2496 capita

396 2498 635 2569 dicitur
650 2498 889 2569 baculo
904 2492 1262 2569 decuffisse.
1305 2499 1789 2597 Interrogando
1806 2499 2374 2596 expeetandoque

398 2592 773 2692 responsum
794 2598 1065 2667 nuncius
1093 2592 1281 2668 fessus
1301 2641 1323 2677 ‚
1354 2618 1425 2668 ut
1445 2622 1513 2669 re
1544 2592 1931 2694 imperfecta
1951 2654 1968 2679 ,
2002 2598 2171 2669 redit
2214 2604 2364 2669 Ga·-

399 2694 571 2777 bior»,
593 2721 737 2793 quae
753 2693 1176 2794 dixeritipse,
1210 2722 1490 2795 quaeque
1529 2698 1788 2777 viderit,
1816 2692 2035 2793 refert.
2091 2696 2199 2768 seu
2231 2698 2353 2776 ira,

399 2790 506 2887 seu
523 2795 703 2873 odio,
726 2792 830 2865 seu
852 2791 1146 2891 superbia
1161 2795 1348 2866 inlita
1368 2796 1663 2893 ingeni0,
1687 2797 1929 2866 nullam
1946 2822 2093 2866 eum
2116 2819 2356 2867 vocem

400 2886 689 2964 emisisse.
746 2886 950 2966 Sexto
975 2893 1085 2965 ubi
1118 2893 1275 2993 quid
1310 2895 1512 2964 vellet
1538 2920 1808 2991 patenam
1846 2895 2090 2991 quidve
2126 2893 2357 2989 praeci.

401 3015 588 3089 peret
607 3039 627 3070 ‚
645 2994 858 3063 tacitis
881 2993 1291 3091 ambagibuS,
1312 2992 1554 3089 patuit3
1571 2994 1897 3089 ,primores
1916 2991 2361 3069 civitatis‚cri-

400 3093 714 3167 minando
737 3093 900 3162 alios
925 3097 1092 3188 apud
1115 3094 1631 3189 populum,alios
1647 3087 1753 3161 sua
1772 3087 1945 3188 ipsos
1973 3091 2214 3162 invidia
2230 3115 2362 3187 op-
2379 3106 2508 3165 A:

400 3213 724 3289 portunos
757 3191 1115 3263 interemit.
1160 3192 1351 3261 multi
1382 3192 1634 3288 palam:
1665 3191 1928 3289 quidam
1950 3246 1969 3272 ,
2016 3189 2081 3259 in
2121 3191 2361 3290 quibus

404 3294 619 3360 minus
639 3286 922 3388 speciosa
943 3290 1312 3382 criminatio
1340 3312 1481 3361 erat
1503 3285 1714 3361 futura
1735 3302 1764 3371 ,'
1796 3291 1966 3361 clam
1998 3285 2357 3364 interfecti.

405 3392 624 3461 Patuit
654 3387 1040 3489 quibusdam
1073 3388 1452 3461 volentibus
1485 3385 1672 3492 fuga,
1709 3412 1815 3460 aut
1838 3390 1905 3458 in
1933 3390 2200 3461 exilium
2226 3392 2356 3460 acti

403 3483 586 3568 sunt,
625 3488 1116 3589 absentiumque
1147 3489 1320 3561 bona
1349 3491 1532 3582 juxta
1568 3511 1764 3588 atque
1801 3490 2354 3586 interemptorum
2393 3568 2398 3573 ,

402 3585 605 3655 divisa
625 3585 823 3661 fuere.
876 3589 1278 3691 Largitionis
1299 3588 1449 3660 inde
1462 3589 1827 3687 praedaeque
1852 3597 1916 3664 δι
1938 3590 2173 3687 privati
2206 3588 2358 3658 dul-

401 3684 636 3757 cedine
653 3690 1034 3773 commodi,
1072 3685 1285 3761 sensus
1325 3689 1650 3785 malorum
1686 3686 2100 3787 publicorum
2134 3686 2359 3783 adimi,
2438 3720 2509 3763 0„

2142 3787 2363 3859 donec

1575 3891 1610 3931 Ο
