2593 4366
902 124 962 195 L
1021 143 1047 192 ι
1098 149 1139 196 ιι
1190 148 1230 198 ε
1278 145 1328 201 n
1429 129 1463 198 1
1485 127 1541 198 1.
2102 146 2130 196 1
2193 125 2228 198 ι’

236 223 442 327 virgis
460 219 671 318 casos
691 217 894 294 securi
915 223 1244 320 percussit.
1260 236 1281 263 ²
1302 247 1535 297 caetera
1554 221 1911 296 multitudo
1929 213 2100 297 sorte
2124 152 2241 298 (196-

242 329 453 399 cimus
473 322 759 425 quisque
775 322 854 393 ad
870 319 1253 419 supplicium
1274 326 1718 396 lefflContra
1730 322 2125 422 ea‚inAEquis
2146 327 2345 399 in·60

249 447 348 497 ter
364 422 713 496 consulem
732 447 804 493 ac
821 422 1448 502 militem,c0mitate
1466 449 1538 493 ac
1560 421 1897 494 beneficiis
1918 447 2240 496 certatum

255 523 378 596 est.
405 536 473 598 &
497 545 727 593 natura
744 520 1060 611 Qntius
1076 545 1217 592 erat
1240 522 1479 603 lenior,
1500 532 1561 595 δι
1581 518 1820 594 saevitia
1839 519 2066 594 infelix
2094 526 2243 594 col-

259 605 613 722 legae,⁹quo
636 622 692 690 is
713 621 918 718 magis
944 620 1213 691 auderet
1249 621 1519 719 ingenio
1539 602 2240 701 su0,effecerat.'Huic

266 743 465 793 tanta:
485 719 861 792 concordiae
888 719 1070 789 ducis
1088 716 1543 817 exercitusque
1584 745 1719 789 non
1761 721 1884 791 ausi
1910 717 2152 793 offerre
2174 718 2239 794 se

272 819 450 918 AEqui
483 850 504 904 ς
540 819 766 920 vagari
800 818 1338 914 populabundum
1377 818 1628 888 hostem
1671 844 1786 915 per
1821 845 2014 918 agros
2051 820 2239 918 passi.

272 925 420 992 Nec
452 922 595 991 ullo
631 942 784 988 ante
824 917 1009 988 bello
1043 919 1233 987 latius
1267 918 1420 988 inde
1453 920 1610 988 aeta:
1634 917 1888 1015 praedae.
1923 945 1999 989 ca
2017 922 2238 990 omnis

279 1020 462 1090 militi
480 1019 635 1089 data
652 1016 772 1088 est.
831 1016 1266 1088 Addebantur
1308 1028 1371 1092 &
1397 1018 1647 1096 laudes,
1672 1015 1908 1114 quibus
1925 1017 2091 1089 baud
2114 1022 2241 1090 mi-
2331 1063 2342 1072 ·

274 1144 388 1188 nus
408 1144 607 1216 quam
641 1116 912 1212 praemio
949 1117 1237 1215 gaudent
1272 1117 1555 1188 militum
1578 1117 1794 1187 animi.
1847 1119 2031 1187 Tum
2065 1118 2242 1201 duci,

274 1239 407 1287 tum
433 1240 714 1316 propter
736 1216 970 1286 ducem
994 1216 1293 1286 Patribus
1337 1240 1607 1314 quoque
1652 1215 1972 1311 placatior
1989 1218 2244 1287 exerci-

266 1337 371 1387 tus
425 1319 665 1398 rediit3
709 1314 827 1384 fibi
858 1338 1197 1410 parentem
1224 1366 1244 1398 ‚
1298 1316 1486 1384 alteri
1521 1316 1837 1386 exercitui
1898 1315 2244 1387 dominum

273 1417 496 1487 datum
522 1415 607 1484 ab
629 1411 878 1490 senatu,
903 1438 1305 1483 memorans.
1355 1414 1558 1485 Varia
1574 1410 1837 1484 fortuna
1857 1413 2015 1485 belli
2039 1414 2247 1487 atroci

273 1512 621 1594 discordia,
640 1512 825 1582 domi
844 1507 1133 1610 forisque
1157 1537 1396 1584 annum
1419 1515 1748 1592 exatstum,
1768 1512 2085 1612 insignem
2107 1540 2249 1585 ma-

273 1615 445 1685 xime
466 1612 740 1685 comitia
761 1611 1005 1681 tributa
1036 1611 1354 1683 efficiunt.
1407 1615 1545 1683 Res
1569 1613 1782 1705 major
1800 1602 2076 1683 vietoriti
2112 1610 2248 1685 sus-

276 1715 450 1812 cepti
483 1711 862 1784 certaminis
884 1735 1079 1808 quam
1102 1709 1239 1781 usu.
1286 1712 1630 1804 plusenim
1669 1712 2003 1811 dignitatis
2031 1715 2245 1784 comi-

276 1813 380 1882 tiis
398 1810 556 1910 ipsis
580 1812 945 1882 detratstum
969 1810 1082 1891 est,
1110 1811 1407 1883 Patribus
1427 1837 1506 1882 ex
1531 1814 1819 1885 concilio
1842 1809 2246 1884 submovem-

272 1910 390 1992 dis,
410 1936 614 2009 quam
637 1909 871 1979 virium
908 1930 1015 1978 aut
1054 1911 1232 2006 plebi
1254 1911 1544 1982 additum
1572 1960 1591 1994 ,
1625 1934 1732 1981 aut
1757 1911 2097 2008 demptum
2121 1922 2242 1985 Pa-

273 2011 506 2080 tribus.
552 2008 1036 2080 Turbulentior
1065 2010 1216 2080 inde
1250 2036 1454 2081 annus
1493 2011 1790 2108 excepit,
1831 2015 1913 2080 L.
1937 2012 2235 2096 Valerio,
2253 2019 2340 2087 61

273 2109 560 2180 Tiberio
578 2105 832 2181 AEmilio
856 2104 1282 2191 Consulibus,
1300 2130 1440 2180 tum
1461 2132 1737 2209 propter
1757 2111 2111 2181 certamina
2128 2136 2260 2201 org
2289 2196 2292 2203 k
2319 2127 2320 2136 ’

272 2209 495 2280 dinum
524 2210 606 2280 de
631 2211 775 2307 lege
796 2209 1080 2306 agrariaz
1117 2228 1256 2279 tum
1278 2233 1550 2307 propter
1568 2210 1870 2302 judicium
1897 2213 2246 2305 Ap.Clau-

270 2309 381 2380 dii.
401 2309 504 2380 cui
527 2312 853 2379 acerrimo
872 2303 1237 2379 adversario
1259 2310 1425 2409 legis
1446 2360 1467 2391 ,
1502 2305 1907 2406 cauffamque
1928 2306 2240 2403 possesso*

271 2432 414 2479 rum
438 2407 683 2505 publici
710 2407 890 2505 agri,
917 2413 938 2454 ³
971 2429 1282 2507 tanquam
1318 2408 1521 2479 tertio
1544 2403 1835 2489 consuli,
1873 2405 2236 2489 sustinenti,

271 2511 371 2581 M.
405 2507 664 2579 Duilius
688 2516 751 2580 δε
777 2503 1151 2578 C.Sicinius
1178 2508 1353 2578 diem
1391 2504 1640 2576 dixere.
1693 2508 2052 2602 Nunquam
2088 2528 2239 2580 ante

269 2627 405 2677 tam
430 2604 671 2676 invisus
707 2602 887 2703 plebi
925 2629 1069 2675 reus
1096 2606 1172 2676 ad
1209 2606 1524 2697 judicium
1566 2626 1837 2674 vocatus
1858 2607 2083 2700 populi
2104 2606 2234 2692 est,

267 2707 376 2803 ple
475 2732 502 2774 s
524 2702 799 2788 suarum,
826 2706 1055 2801 plenus
1082 2726 1498 2804 paternarum
1527 2704 1789 2835 irarum(
1817 2712 2044 2776 Patres
2065 2732 2240 2803 quo-

270 2732 557 2904 quesston
579 2827 833 2876 temere
850 2827 972 2902 pro
992 2805 1331 2904 ulloaeque
1354 2799 1753 2873 annixisunt:
1780 2828 2245 2904 propugnato-

2093 2932 2241 2975 scm

267 3010 363 3048 tem
379 2995 642 3049 honorandi
652 2995 799 3054 fiiiss‘e,
812 2995 917 3049 dare
928 3001 1109 3048 virtutis
1118 2995 1227 3062 ergd
1291 3011 1515 3061 quemque
1527 3012 1584 3047 ex
1598 2998 1686 3047 illis
1699 2998 1868 3048 ultimo
1879 2999 2099 3065 supplicio
2124 2998 2241 3051 affe·
2321 3044 2322 3047 ,

267 3064 464 3132 duplicia
474 3069 639 3118 cibaria
655 3104 671 3127 ,
695 3069 872 3117 constat
891 3083 949 3118 ex
978 3066 1225 3118 Herodoto
1290 3069 1414 3115 stum
1429 3069 1618 3131 legimus
1639 3068 1819 3124 ‚uthica
1858 3070 2070 3129 Polybius
2087 3070 2161 3116 lib.
2185 3073 2241 3119 de

266 3134 348 3185 lib.
365 3152 438 3184 vx.
1287 3138 1609 3203 tribuspols’riis,
1625 3139 1779 3183 aussor
1792 3136 1854 3185 est
1871 3174 1882 3192 ,
1903 3133 1999 3184 duo
2023 3137 2243 3200 praecipm?

339 3213 533 3254 acerem
546 3198 1220 3271 multitudosbnedeer'nmsqnifi
1286 3200 1411 3251 fuiss}
1445 3207 1493 3250 in
1519 3205 1705 3251 militari
1731 3201 1966 3267 disciplina
1995 3204 2236 3266 supplicio-

266 3276 414 3339 quud
426 3273 692 3340 fiapplieium
704 3275 850 3332 lem]
880 3276 1070 3334 ignavos
1096 3274 1219 3319 mili.-
1285 3287 1386 3320 rum
1394 3287 1574 3358 genera,
1593 3275 1961 3319 Decimationcm
1976 3273 2069 3320 scil.
2105 3281 2120 3327 (
2140 3275 2235 3326 A.-

268 3352 336 3387 tes
347 3345 397 3391 δ(
412 3341 655 3389 seditiosos
669 3340 790 3389 varie
804 3341 1041 3403 castigatos
1056 3356 1109 3389 ac
1122 3356 1219 3402 poe·
1289 3360 1468 3403 ‚gyrum
1495 3337 1650 3387 dicunt
1680 3343 1821 3388 Gtaeci
1835 3343 1867 3408 )
1886 3345 1933 3390 δι
1958 3337 2237 3390 fustuarium

265 3421 327 3455 na
353 3407 541 3458 affl-{ios
591 3410 885 3456 observamus
922 3427 934 3455 ε
975 3406 1220 3473 aliquando
1285 3411 1487 3458 Marcell.
1509 3415 1674 3458 Donat.

263 3478 388 3525 enim
414 3478 699 3525 sacramento
716 3476 849 3525 soluti
869 3512 882 3532 ,
910 3476 1077 3524 militia
1098 3475 1220 3525 abite
1359 3494 1378 3536 3
1419 3482 1512 3524 Tan
1543 3493 1644 3523 uam
1656 3475 1781 3522 tertio
1793 3472 2132 3538 coffiastinenti.]
2149 3478 2239 3543 Ap-

260 3543 390 3603 juni,
417 3542 670 3609 aliquando
684 3559 844 3591 eorum
870 3541 1216 3593 dustotesaimi-
1283 3544 1381 3605 pius
1407 3494 1617 3591 divisioni
1635 3535 1847 3603 agrotum
1878 3542 2238 3602 contradicebat,

258 3609 358 3660 litia
368 3613 545 3670 abicffi;
557 3607 806 3674 aliquando
821 3608 1051 3659 seditionis
1062 3614 1212 3660 auae·
1286 3616 1430 3660 Coss.
1442 3608 1552 3659 vetti
1567 3624 1662 3657 non
1680 3605 1929 3658 refluebant
1944 3612 2133 3660 tribunis
2156 3648 2169 3670 ‚
2186 3628 2238 3661 ut

260 3693 333 3728 tes
345 3697 497 3730 morte
510 3680 722 3729 malfitani
740 3700 751 3727 :
789 3681 848 3727 At
867 3694 1004 3743 quum
1021 3683 1215 3743 graviter
1282 3677 1532 3727 luculenter
1543 3693 1597 3725 ex
1614 3678 1807 3738 Dionys.
1824 3678 2051 3743 colligitur
2074 3705 2085 3735 ς
2103 3684 2151 3731 Ec
2169 3684 2241 3745 ip-

256 3748 451 3802 anime
474 3742 797 3814 deliquissem,
832 3748 954 3798 {oue
975 3744 1210 3799 decimum
1278 3747 1323 3799 se
1339 3749 1490 3801 Livius
1512 3745 1569 3797 ab
1582 3747 1721 3796 initio
1735 3747 1958 3813 sequentis
1969 3748 2076 3798 libri
2088 3746 2145 3796 de
2156 3750 2239 3862 3¹ss-

2101 3830 2167 3865 mn
2188 3828 2240 3866 ιο
