2593 4366
520 157 547 165 Δ
964 68 1024 137 L
1075 85 1104 137 1
1162 91 1201 138 B
1248 88 1289 139 ε
1338 90 1388 138 n
1489 68 1523 138 I
1540 69 1597 138 1.
2115 89 2238 163 ¹93

245 163 456 241 bostis
475 159 819 237 moenibus
839 157 905 233 st:
928 164 1222 247 tenebat,
1240 166 1472 238 vastati
1503 164 1641 266 agri
1673 162 1713 234 s
1703 186 1843 237 unt.
1899 170 2234 240 Incendiis

241 265 509 346 deinde,
534 290 678 334 non
698 263 1003 334 villarum
1024 265 1250 346 mod0‚
1278 262 1387 336 sed
1414 265 1610 337 etiam
1650 267 1972 347 vicorum,
1996 267 2232 364 quibus

249 361 639 462 frequenter
662 361 1106 442 habitabatur,
1129 364 1348 435 Sabini
1367 365 1562 435 exciti
1585 410 1605 444 ‚
1621 391 1821 461 quum
1846 368 2231 462 praedatori-

253 464 384 534 bus
407 455 853 541 occurriil'ent,
878 462 1138 558 ancipiti
1160 464 1387 560 praelio
1410 463 1971 561 dign-empostero
1991 467 2098 536 die
2121 490 2230 536 re-

185 607 191 616 ·
252 565 473 634 tulere
492 561 693 633 castra
711 562 776 632 in
804 563 1048 630 tutiora
1071 541 1369 633 loca.51d
1393 558 1539 631 satis
1568 559 1814 632 consuli
1839 561 2041 635 visum
2065 611 2085 645 ,
2110 590 2227 656 cur

305 688 389 732 ro
435 664 603 807 vieto
636 663 1039 758 relinqueret
1071 659 1371 746 hostem3
1410 660 1670 730 intento
1703 662 1852 733 inde
1893 665 2222 736 decedens

249 689 465 834 geno.
510 769 697 831 Inter
719 759 857 831 haec
884 760 1092 840 bella,
1134 781 1442 830 manente
1462 720 1780 830 discordia
1801 762 2017 848 domi,
2063 776 2093 816 ⁴
2125 769 2218 838 T.
2242 752 2325 837 63

259 862 609 934 Numicius
648 855 900 931 Priscus
924 903 944 937 ,
983 865 1069 928 A.
1095 860 1463 958 Virginius,
1496 855 1792 929 consules
1823 856 1993 932 faeti.
2051 866 2220 935 Non
2291 854 2344 937 ³9
2373 851 2422 946 <²¹
2449 855 2488 932 f·

260 962 425 1030 ultra
442 959 792 1038 videbatur
831 958 1036 1027 latura
1066 959 1288 1053 plebes
1322 959 1710 1029 dilationem
1732 961 1989 1055 agraria:
2025 962 2222 1059 legis,

259 1060 619 1158 ultimaque
641 1057 737 1126 vis
762 1057 1129 1153 parabatur,
1152 1083 1350 1155 quum
1373 1054 1659 1129 Volscos
1683 1053 1916 1139 adeise,
1936 1056 2119 1128 fumo
2139 1087 2218 1132 ex

259 1157 570 1229 incendiis
606 1157 909 1226 villarum
936 1151 1217 1255 fugaque
1254 1156 1597 1254 agrestium
1626 1157 1970 1254 cognitum
1991 1156 2106 1228 est.
2140 1184 2221 1230 ea.

256 1282 353 1328 res
375 1279 705 1327 maturam
722 1257 853 1345 jam
878 1252 1293 1339 seditionem,
1313 1280 1384 1326 ac
1409 1281 1614 1352 prope
1634 1280 2091 1352 erumpentem
2115 1283 2219 1327 re-

253 1356 502 1454 preffit.
556 1350 886 1427 Consules
904 1356 1116 1426 coacti
1137 1358 1478 1450 extemplo
1500 1354 1582 1423 ab
1601 1353 1820 1425 senatu
1845 1355 1922 1429 ad
1946 1354 2217 1443 bellum3

252 1456 487 1526 educta
507 1479 590 1525 ex
613 1452 773 1524 urbe
798 1455 1138 1545 juventute
1171 1454 1695 1552 tranquilliorem
1734 1477 2035 1525 caeteram
2077 1455 2224 1551 ple-

253 1553 405 1625 bem
431 1551 760 1625 fecerunt.
818 1555 907 1623 Et
928 1551 1144 1623 hostes
1168 1553 1434 1650 quidem
1457 1551 1616 1622 nihil
1657 1553 1830 1625 aliud
1850 1580 2044 1652 quam
2064 1580 2219 1651 per-

250 1649 398 1724 fulis
422 1678 598 1723 vano
624 1652 864 1722 timore
882 1653 1225 1729 Romanis,
1246 1653 1451 1742 citato
1471 1651 1728 1750 agmine
1744 1653 2008 1746 abeunt.
2063 1657 2218 1725 Nu-

253 1753 485 1823 micius
514 1750 796 1820 Antium
822 1751 1118 1821 adversus
1148 1747 1432 1822 Volscos
1453 1797 1473 1831 ,
1496 1752 1827 1849 Virginius
1862 1775 2092 1833 contra
2109 1754 2216 1824 ΑΞ-

255 1877 344 1949 qu
394 1878 422 1920 s
445 1815 920 1948 profectusfibi
943 1875 1021 1920 ex
1041 1848 1280 1920 insidiis
1305 1875 1509 1945 prope
1532 1876 1767 1948 magna
1790 1875 2058 1948 accepta
2075 1853 2216 1921 cla-

255 1877 390 2026 de?
385 1952 592 2020 virtus
615 1949 922 2028 militum,
948 1974 1080 2019 rem
1100 1945 1464 2045 prolapsam
1482 1950 1880 2047 negligentia
1901 1947 2212 2033 edamus,

259 2048 558 2119 restituit.
607 2048 847 2120 Melius
883 2044 1637 2143 inVolscisimperatum
1660 2050 1772 2121 est.
1828 2050 1967 2120 Fufi
1991 2049 2211 2146 primo
2294 2053 2298 2057 ’

257 2151 481 2246 praelio
520 2147 775 2224 hostes,
818 2143 1098 2246 fugaque
1131 2148 1197 2217 in
1238 2147 1467 2217 urbem
1501 2147 1813 2228 Antium,
1849 2172 1917 2219 ut
1942 2171 2079 2219 tum
2107 2174 2212 2219 res

255 2272 460 2326 erant,
479 2246 1033 2344 opulentiffimam
1054 2248 1402 2344 affl.quam
1425 2244 1645 2317 consul
1671 2272 2052 2346 oppugnare
2074 2273 2213 2318 non

253 2344 461 2425 ausus,
488 2353 509 2391 5
535 2351 884 2417 Cenonem
906 2347 1074 2416 aliud
1093 2347 1434 2441 oppidum,
1458 2344 1867 2442 nequaquam
1884 2366 2016 2415 tam
2042 2370 2215 2440 opu-

254 2446 620 2523 lentum,ab
647 2445 1021 2516 Antiatibus
1042 2447 1237 2540 cepit.
1274 2447 1452 2512 Dum
1475 2444 1658 2539 AEqui
1679 2440 2036 2541 Volscique
2064 2448 2214 2514 Ro-

255 2570 485 2614 manos
508 2544 833 2614 exercitus
874 2564 1098 2614 tenent
1125 2595 1145 2627 ,
1182 2542 1402 2615 Sabini
1441 2539 1640 2636 usque
1676 2541 1751 2610 ad
1783 2564 2004 2637 portas
2029 2540 2209 2610 urbis

250 2646 647 2741 populantes
681 2638 948 2713 incesset
995 2693 1013 2711 .
1071 2642 1309 2713 deinde
1340 2639 1454 2735 ipsi
1495 2639 1712 2734 paucis
1741 2637 1883 2734 post
1906 2639 2133 2709 diebus
2171 2639 2209 2709 a

230 2736 510 2813 ‘duobus
512 2742 925 2881 ‘exercitibus
941 2669 989 2821 j
998 2765 1278 2839 utroque
1301 2765 1416 2835 per
1445 2740 1605 2808 iram
1630 2730 1893 2808 consule
1927 2735 2207 2838 ingreffo

252 2839 321 2911 in
343 2838 532 2918 fines,
558 2843 701 2936 plus
720 2841 1000 2911 cladium
1022 2868 1216 2939 quam
1234 2840 1612 2914 intulerant,
1637 2862 2050 2933 acceperunt.
2067 2841 2194 2908 Ex·
2219 2847 2316 2933 64

255 2958 473 3009 tremo
499 2964 670 3009 anno
705 2940 880 3034 pacis
901 2942 1141 3037 aliquid
1180 2934 1338 3007 fuit:
1377 2935 1484 3008 sed
1526 2959 1593 3007 ut
1614 2932 1867 3032 semper
1892 2938 2042 3006 alias
2066 2930 2197 3006 sol-

255 3039 469 3119 licitae,
488 3038 847 3108 certamine
867 3048 1127 3110 Patrum
1147 3047 1211 3111 δι
1232 3036 1464 3133 plebis.
1509 3042 1678 3106 Irata
1699 3036 1882 3131 plebs
1903 3033 2204 3106 interesse

258 3135 700 3207 consularibus
719 3137 1001 3209 comitiis
1026 3138 1259 3207 noluit.
1279 3161 1394 3230 per
1419 3142 1641 3207 Patres
1667 3132 2064 3229 clientesque
2081 3143 2212 3206 Pa·-

251 3235 734 3308 trumconsules
754 3237 1417 3336 creati,T.Qintius
1442 3244 1505 3307 &
1537 3226 2007 3334 Qerviliusga
2035 3233 2209 3302 simi·

2073 3332 2207 3400 lem

314 3446 349 3488 4
380 3436 431 3481 T.
450 3433 717 3494 attendebas-J
761 3433 1014 3487 Numicius,
1030 3429 1189 3481 utMs'·
1276 3445 1407 3479 mum
1419 3442 1567 3479 vocat.
1583 3427 1774 3477 vet.lib.
1796 3428 2019 3478 terionem.
2052 3428 2209 3490 sigon.

246 3502 414 3553 nucius,
440 3495 664 3548 videturo
684 3536 697 3556 ,
731 3501 877 3548 littera
892 3496 975 3547 ess‘e
998 3501 1168 3549 sctiben

244 3563 387 3616 dum:
416 3580 521 3614 nam
553 3571 696 3616 Graeci
717 3567 1005 3635 Nopciia&.
1038 3571 1187 3635 Sigon.
1851 3624 1854 3633 ⁴

323 3641 351 3693 ς’
378 3642 574 3684 (emnem
586 3639 827 3703 oppidum]
846 3632 1083 3696 Dionysius
1100 3649 1194 3681 nou
1345 3653 1371 3686 a
1418 3640 1623 3688 Similem
1648 3657 1808 3686 annum
1837 3638 1972 3702 priori
1989 3637 2215 3699 confidem]

238 3704 376 3776 ponit
416 3716 586 3753 nomen
611 3700 688 3753 led
715 3700 983 3770 oppidulum
1019 3705 1191 3753 matiti-
1278 3708 1372 3759 Aut
1386 3707 1548 3759 hiem
1558 3703 1825 3769 praecedenti
1837 3704 2047 3757 membro
2058 3704 2221 3752 adseri-

1580 3775 1626 3824 N
2041 3775 2230 3840 puleium

1495 3545 1995 3588 Gnonovri.
