2593 4366
424 104 576 185 ⁷⁸30
1098 77 1199 159 T.
1293 82 1357 158 L·
1404 105 1437 156 r
1482 106 1529 159 v
1575 103 1610 156 ι
1658 104 1687 152 ι

419 182 809 266 Samnitium
827 178 1052 265 forent
1065 228 1089 267 ,
1125 203 1196 255 ut
1215 207 1365 256 cum
1386 180 1651 283 lingulis
1672 177 2079 256 vestimentis
2104 182 2367 270 emitte-

418 308 671 363 rentur.
721 284 818 358 Hi
839 309 1074 358 omnes
1104 278 1221 355 sub
1254 285 1486 383 jugum
1522 279 1714 355 miffi.
1751 276 1944 354 sociis
1976 286 2367 364 Samnitium

415 386 580 464 nihil
600 406 901 460 cautum:
935 386 1014 458 ad
1039 382 1289 483 septem
1305 383 1513 455 millia
1526 378 1644 455 sub
1662 406 1913 455 corona
1933 380 2217 459 veniere.
2253 391 2368 489 qui

414 482 482 564 se
501 486 719 562 civem
739 487 1104 561 Hernicum
1124 484 1383 558 dixerat
1399 528 1423 567 ,
1456 478 1746 559 seorsum
1771 484 1841 555 in
1859 481 2153 558 custodia
2174 484 2361 561 habi-

410 604 545 660 tus.
593 588 737 661 Eos
755 610 990 663 omnes
1015 584 1253 659 Fabius
1287 587 1584 659 Romam
1607 583 1688 656 ad
1724 579 2023 658 senatum
2042 584 2218 661 misit
2241 615 2261 660 t
2294 598 2363 665 δι

411 711 618 788 quum
639 686 983 788 quaefitum
1017 682 1218 767 effer,
1256 684 1514 758 deleam
1534 729 1561 765 ‚
1604 708 1688 755 an
1722 684 2080 758 voluntarii
2100 710 2229 783 pro
2248 692 2361 762 Sa-

407 786 728 859 mnitibus
766 784 1073 862 adversus
1111 788 1463 860 Romanos
1500 778 1882 871 bellassent3
1924 811 2040 881 per
2080 786 2353 857 Latinos

408 886 699 983 populos
721 884 1407 962 eustodiendidantur.
1419 882 1698 984 juffique
1708 909 1855 956 eam
1872 887 2207 983 integram
2231 915 2363 959 rem

405 984 888 1060 noviconsuies
912 1031 937 1069 ‚
962 996 1039 1063 P.
1064 986 1423 1061 Cornelius
1439 988 1693 1058 Arvina
1714 1035 1738 1069 ‚
1760 988 1950 1081 QM
1962 987 2175 1055 arcius
2195 991 2363 1057 'sre-

406 1086 626 1157 mulus
647 1085 735 1172 (ii
750 1086 929 1160 enim
944 1087 1077 1181 jam
1099 1086 1305 1160 creati
1322 1106 1514 1158 erant
1526 1087 1554 1170 )
1574 1083 1656 1157 ad
1676 1077 1968 1156 senatum
1988 1081 2259 1157 referre.
2297 1087 2355 1157 id

405 1206 582 1283 oegre
595 1183 758 1283 paffi
775 1186 1049 1260 Hernici
1068 1216 1090 1273 ς
1119 1184 1485 1257 concilium
1504 1184 1904 1282 populorum
1926 1211 2036 1253 om
2046 1185 2227 1255 nium
2247 1187 2357 1255 ha-

405 1281 719 1359 bentibus
747 1286 1129 1387 ‘Anagninis
1149 1331 1171 1367 ‚
1202 1285 1270 1356 in
1290 1283 1473 1356 circo
1489 1329 1513 1365 ‚
1551 1308 1756 1383 quem
1788 1285 2201 1357 Maritimum
2247 1311 2361 1351 vo-

403 1403 584 1464 cant,
598 1404 832 1482 praeter
845 1385 1287 1458 Alatrinatem
1308 1383 1926 1481 Ferentinatemque
1950 1439 1966 1465 ,
1992 1395 2054 1457 &
2080 1389 2359 1453 Verula-

405 1505 563 1557 num
583 1528 605 1564 ‚
625 1509 860 1557 omnes
877 1485 1159 1557 Hernici
1174 1483 1458 1556 nominis
1481 1483 1737 1580 populo
1763 1484 2080 1555 Romano
2102 1483 2345 1553 bellum

293 1597 387 1677 43
406 1581 802 1656 indixerunt.
859 1588 941 1655 In
968 1584 1238 1658 Samnio
1271 1606 1546 1683 quoque
1571 1626 1593 1662 ,
1620 1582 1774 1680 quia
1810 1581 2167 1651 decess'erat
2209 1583 2355 1653 inde

406 1683 670 1764 Fabius,
690 1684 1085 1756 novimotus
1103 1686 1347 1756 exorti.
1370 1682 1627 1766 Calatia
1644 1688 1713 1754 &
1732 1688 1916 1757 sora,
1938 1683 2355 1781 praesidiaque

401 1805 551 1879 quae
568 1781 635 1852 in
651 1783 732 1854 iis
754 1786 1065 1856 Romana
1080 1806 1267 1854 erant
1287 1831 1311 1865 ‚
1330 1800 1735 1881 expugnata:
1759 1786 1824 1853 δι
1849 1780 1916 1850 in
1938 1809 2006 1851 ca
2064 1783 2351 1853 rivorum

397 1883 977 1978 corporamilitum
999 1880 1178 1954 foede
1196 1879 1507 1953 saevitum.
1545 1883 1767 1977 itaque
1797 1904 1882 1950 eo
1906 1889 1972 1949 P.
1994 1809 2353 1953 {omelias

399 2000 553 2048 eum
585 1980 878 2052 exercitu
913 1978 1157 2052 missus.
1207 1980 1467 2053 Marcio
1500 1981 1658 2049 novi
1690 1977 1912 2051 hostes
1958 1986 2126 2074 (jam
2170 1986 2347 2050 enim

400 2078 772 2175 Anagninis
795 2074 1391 2177 Hernicisque'aliis
1414 2078 1662 2151 bellum
1682 2074 1910 2172 jussum
1934 2094 2098 2161 erat)
2122 2083 2355 2152 decer-

400 2199 671 2251 nuntur.
717 2177 1049 2253 Primoita
1067 2177 1294 2251 omnia
1309 2200 1691 2276 opportuna
1729 2180 1884 2251 loca
1922 2180 2141 2250 hostes
2188 2184 2359 2250 inter

399 2273 740 2350 consulum
757 2279 962 2353 eastra
977 2280 1474 2377 interceperunt
1486 2323 1509 2358 ‚
1544 2299 1614 2350 ut
1630 2279 1984 2375 pervadere
2004 2306 2076 2346 ex
2088 2282 2349 2374 peditus

397 2378 675 2449 nuncius
710 2403 845 2451 non
863 2375 1073 2476 posset
1095 2424 1117 2460 ‚
1149 2389 1213 2454 δι
1248 2403 1365 2475 per
1396 2380 1655 2477 aliquot
1690 2377 1832 2450 dies
1870 2380 2096 2448 incerti
2128 2404 2349 2446 rerum

394 2477 694 2549 omnium
716 2524 734 2557 ,
755 2475 1162 2578 suspensique
1185 2478 1266 2549 de
1288 2475 1454 2549 statu
1474 2477 1740 2549 alterius
1757 2522 1781 2558 ‚
1822 2500 2094 2574 uterque
2124 2478 2351 2548 consul

396 2597 628 2674 ageret
648 2622 670 2658 ,
687 2580 1114 2677 Romamque
1131 2581 1183 2647 is
1201 2598 1414 2649 metus
1428 2597 1723 2650 manaret
1745 2604 1767 2647 ι
1786 2577 1954 2647 adeo
1980 2628 1996 2656 ‚
2026 2602 2094 2646 ut
2118 2604 2351 2646 omnes

280 2705 287 2711 ·
395 2675 690 2768 juniores
709 2673 1120 2750 sacramento
1134 2677 1782 2775 adigerentur,atque
1803 2677 1880 2748 ad
1904 2678 2114 2748 subita
2141 2706 2353 2746 rerum

396 2772 705 2866 duojusti
741 2771 1179 2849 scriberentur
1213 2775 1566 2848 exercitus.
1615 2777 1950 2847 Caeterum
1986 2780 2351 2848 Hernicum

397 2870 648 2944 bellum
668 2898 884 2975 nequa
937 2899 1086 2947 uam
1126 2898 1250 2969 pro
1281 2871 1582 2969 praesenti
1622 2896 1876 2946 terrore
1918 2902 1988 2946 ac
2032 2878 2355 2946 vetustate

393 2979 614 3072 gentis
633 2975 864 3071 gloriae
917 2976 1035 3046 uit.
1072 2973 1233 3047 nihil
1255 2970 1527 3072 usquam
1550 2973 1728 3046 dictu
1746 2972 2018 3073 dignum
2040 2976 2167 3044 anfi
2189 3024 2205 3054 ‚
2243 2976 2355 3042 tri-

396 3070 497 3140 nis
523 3070 747 3144 castris
779 3074 950 3146 intra
971 3097 1215 3171 paucos
1245 3073 1386 3145 dies
1411 3073 1638 3152 exuti,
1677 3072 1949 3172 triginta
1968 3078 2227 3147 dierum
2252 3080 2360 3144 in-

395 3171 657 3248 ducias,
690 3172 782 3243 ita
820 3194 893 3244 ut
932 3176 1011 3244 ad
1041 3169 1334 3245 senatum
1359 3174 1649 3265 Romam
1684 3173 1941 3270 legatos
1978 3175 2358 3259 mitterent,

395 3269 570 3383 paffi
593 3266 739 3342 sunt
755 3271 1051 3345 bimestri
1088 3270 1413 3368 stipendio
1435 3267 1907 3372 frumentoque
1928 3317 1951 3352 ,
1985 3280 2050 3347 δι
2082 3271 2359 3372 singulis

391 3393 461 3439 in
484 3371 761 3443 militem
776 3373 1037 3444 tunicis.
1091 3372 1203 3443 Ab
1219 3368 1534 3443 senatuad
1560 3372 1884 3443 Marcium
1923 3373 2196 3464 rejecti,
2240 3370 2361 3449 cui

388 3467 675 3544 Senatus
665 3469 836 3543 cons
826 3475 969 3544 ulto
993 3467 1364 3557 permissum
1385 3471 1470 3542 de
1485 3471 1794 3542 Hernicis
1812 3493 1975 3542 erat:
1996 3466 2179 3569 isque
2196 3495 2358 3542 eam

437 3592 657 3642 entem
677 3572 743 3642 in
762 3573 1172 3643 deditionem
1194 3570 1467 3667 accepit.
1521 3572 1608 3642 Et
1624 3570 1690 3640 in
1706 3571 1972 3643 Samnio
1992 3573 2161 3644 alter
2181 3595 2364 3640 con-

387 3595 483 3742 sul
503 3666 791 3767 superior
811 3671 1059 3742 viribus
1086 3717 1107 3754 ,
1137 3671 1307 3742 locis
1326 3669 1709 3769 impeditior
1742 3690 1905 3742 erat.
1955 3671 2215 3743 Omnia
2242 3670 2362 3738 iti-

1458 3790 1467 3797 ·
2187 3790 2365 3841 nera
