2593 4366
405 116 546 217 728
672 179 687 194 .
1068 103 1165 185 T.
1259 105 1402 186 Εἰ
1443 109 1648 180 v'11
2331 191 2340 198 ‚

401 242 582 291 mam
597 209 825 290 ituros,
847 206 1196 311 magnifice
1210 206 1292 278 de
1309 203 1374 278 se
1397 258 1419 290 ,
1442 232 1515 278 ac
1540 197 1974 300 contemptim
1992 202 2079 278 de
2096 193 2398 287 Roma-4

402 316 503 388 nis
521 318 872 412 loquentes
894 368 908 393 ,
941 311 1278 403 jaetarent.
1337 305 1933 401 Qodincoeptum
1966 332 2210 384 eorum
2245 313 2375 387 ubi

402 414 485 486 ad
513 409 801 483 Decium
827 407 1185 482 Consulem
1211 407 1535 503 perlatum
1558 401 1777 485 est‚'ad
1796 404 2023 479 urbem
2044 433 2132 480 ex
2153 413 2378 485 Etru..

397 513 496 585 ria
521 512 775 612 magnis
813 506 1155 582 itineribus
1195 507 1453 606 pergit:
1488 504 1642 578 &in
1678 531 1709 573 a
1765 530 1840 574 ro
1862 507 2247 603 Pupiniensi
2289 511 2376 587 ad

394 608 642 684 famam
665 613 952 681 intentus
975 603 1601 700 hostium'consedit.
1690 607 1695 614 ’
1729 629 1806 674 ec
1829 606 2067 678 Romae
2081 605 2379 706 sperne.

396 699 592 782 batur
624 708 1033 784 Umbrorum
1070 707 1361 777 bellum:
1395 715 1459 779 &
1483 698 1628 800 ipsae
1668 703 1862 774 minae
1885 727 2144 777 metum
2176 706 2377 784 fece-

397 831 545 880 rant
564 854 586 888 ‚
603 807 892 905 expertis
917 805 1234 886 {Gallica
1257 803 1439 877 clade
1467 827 1662 902 quarn
1683 801 1967 884 intutam
1993 806 2239 880 urbem
2261 812 2377 882 in..

396 910 725 979 colerent.
792 913 1029 1021 Itaque
1065 904 1268 1008 legati
1321 904 1399 974 ad
1439 902 1708 973 Fabium
1746 899 2125 977 Consulem
2184 910 2368 983 miffi

394 1003 580 1079 sunt:
617 1028 727 1086 ut,
764 1005 810 1078 {i
835 1007 991 1105 quid
1013 1004 1368 1074 laxamenti
1387 1001 1620 1074 abello
1635 1002 2024 1075 Samnitium
2046 1002 2215 1079 effet
2234 1065 2260 1090 ‚
2298 1011 2371 1082 iu

393 1106 744 1182 Umbriam
796 1128 1080 1204 propere
1121 1102 1482 1174 exercitum
1521 1101 1816 1173 duceret.
1884 1103 2101 1175 Dieto
2135 1109 2366 1203 paruit

390 1202 690 1289 Consul‘,
728 1200 1105 1308 magnisque
1141 1201 1487 1276 itineribus
1510 1202 1589 1272 ad
1619 1202 2034 1285 Mevaniam,
2057 1204 2191 1274 'ubi
2214 1229 2365 1278 tum

396 1307 607 1401 copiae
648 1302 1057 1379 Umbrorum
1093 1322 1304 1386 erant,
1344 1302 1653 1397 perrexit.
1695 1305 2355 1398 Repensadventus

393 1400 704 1485 consulis,
725 1428 923 1504 quem
946 1402 1177 1498 procul
1195 1401 1472 1476 Umbria
1487 1402 1554 1471 in
1573 1401 1840 1474 Samnio
1864 1400 2054 1473 bello
2077 1404 2198 1472 alio
2217 1428 2351 1474 oc-

393 1525 706 1601 cupatum
727 1502 1141 1574 crediderant
1164 1545 1185 1582 ‚
1206 1501 1295 1570 ita
1317 1501 1632 1572 exterruit
1647 1500 1947 1574 Umbros
1967 1546 1990 1581 ,
2023 1527 2096 1572 ut
2110 1504 2214 1573 alii
2233 1528 2345 1575 re-

391 1603 764 1676 cedendum
806 1602 884 1672 ad
922 1601 1115 1673 urbes
1152 1600 1477 1679 munitas,
1507 1599 1769 1698 quidam
1793 1599 2045 1671 bellum
2080 1604 2348 1674 mitten-1·

392 1705 552 1775 dum
579 1697 945 1777 censerent.
995 1709 1017 1741 ³
1037 1704 1235 1798 Plaga
1257 1725 1380 1770 una
1396 1700 1816 1786 (Materinam
1845 1700 1962 1794 ipsu
1981 1704 2346 1797 appellant)

390 1827 527 1874 non
547 1800 876 1870 continuit
899 1801 1105 1870 modo
1124 1823 1397 1870 caeteros
1420 1799 1485 1870 in
1506 1799 1698 1868 armis
1723 1849 1745 1883 ,
1765 1798 1872 1870 sed
1896 1795 2239 1873 confestim
2261 1801 2346 1872 ad

390 1923 723 1976 certamen
763 1900 920 1993 egit.
961 1898 1163 1970 castra
1208 1900 1564 1968 vallantem
1606 1898 1877 1969 Fabium
1913 1900 2131 1970 adorti
2168 1899 2336 1973 sunt.

278 2061 289 2074 ,
391 2003 605 2100 Qos
630 1993 993 2074 ubi'effusos
1012 2020 1199 2072 ruere
1219 1997 1283 2067 in
1317 1997 1723 2066 munimenta
1746 1993 1972 2070 consul
1996 1999 2190 2082 vidit,
2229 2024 2338 2070 re-

387 2090 667 2168 vocatos
692 2093 936 2164 milites
959 2094 1041 2164 ab
1067 2119 1271 2192 opere
1296 2140 1316 2173 ,
1338 2118 1536 2191 prout
1554 2096 1688 2167 loci
1712 2119 1940 2168 natura
1955 2097 2338 2198 tempusque

390 2195 760 2302 patiebatur
784 2198 821 2273 ‚³
843 2195 934 2265 ita
967 2193 1220 2268 instruit
1252 2223 1272 2266 τ
1314 2194 1850 2296 cohortatusque*
1865 2199 2335 2292 praedicatione

389 2321 546 2368 vera
585 2322 715 2394 qua
746 2296 812 2365 in
832 2292 1070 2366 Tuscis
1091 2321 1222 2403 qua
1237 2295 1305 2365 in
1326 2297 1593 2367 Samnio
1613 2320 1952 2393 partorum
1982 2297 2333 2375 decorum,

389 2397 695 2495 exiguam
733 2394 1165 2491 appendicem
1182 2393 1440 2467 Etrusci
1461 2395 1619 2468 belli
1650 2396 2215 2489 conficerejubetx
2253 2406 2328 2476 δε

388 2500 576 2566 vocis
591 2495 809 2591 impiae
826 2521 1060 2590 poenas
1082 2517 1396 2590 expetere
1417 2539 1439 2575 ‚
1480 2522 1607 2593 qua
1628 2492 1690 2566 se
1710 2498 1939 2567 urbem
1960 2499 2337 2569 Romanam

389 2616 925 2692 oppugnaturos,
962 2596 1193 2666 minati
1231 2592 1374 2669 (int.
1426 2599 1590 2669 Haec
1610 2617 1793 2666 tanta
1822 2592 1972 2671 suat
2003 2597 2338 2669 alacritate

387 2692 676 2764 'militum
712 2693 932 2767 audita
953 2738 973 2771 ‚
1009 2714 1080 2763 ut
1102 2694 1355 2765 clamor
1376 2684 1478 2791 sua
1495 2690 1728 2791 sponte
1745 2717 1929 2789 ortus
1951 2697 2341 2797 loquentem

386 2790 911 2886 interpellaverit
929 2794 1188 2863 ducem.
1204 2793 1726 2888 anzeimperiunn
1745 2795 2346 2877 deinde,concentu

387 2888 695 2962 tubarum
731 2914 803 2960 ac
835 2915 1151 2960 cornuum
1175 2935 1195 2968 ,
1236 2888 1646 2963 cursu‘effuso
1664 2896 1730 2973 in
1746 2893 2001 2965 hostem
2023 2892 2343 2967 feruntur.

387 2990 557 3063 Non
578 3011 913 3087 tamquam
929 2990 996 3063 in
1023 2990 1218 3070 viros,
1243 3011 1359 3060 aut
1378 3015 1660 3065 armatos
1675 2994 2015 3067 incurrunt
2036 3040 2059 3074 ,
2077 2994 2344 3066 mirabi-

384 3090 447 3159 le
470 3087 646 3159 dictu
669 3116 685 3159 ε
710 3089 885 3187 signa
906 3092 1122 3193 primo
1141 3090 1307 3185 eripi
1324 3111 1544 3187 coepta
1565 3088 1929 3193 signiferis:
1964 3095 2214 3167 deinde
2238 3090 2345 3190 ipsi

386 3183 671 3286 {igniferi
692 3188 858 3256 trabi
886 3183 1348 3270 ad'consulem',
1372 3190 1728 3288 armatique
1748 3188 1990 3266 milites
2009 3219 2089 3265 ex
2113 3197 2260 3268 acie
2282 3195 2348 3265 in

383 3288 594 3357 aciem
635 3282 1001 3358 transferri:
1032 3297 1097 3363 δι
1127 3286 1331 3358 ficubi
1349 3288 1445 3358 est
1478 3300 1851 3375 certamen,
1893 3288 2090 3369 scutis
2129 3294 2343 3390 magis

2135 3416 2338 3489 quam

454 3610 481 3641 2
527 3595 665 3661 Plaga
690 3611 777 3643 una
810 3596 1118 3662 (Macrinam
1143 3596 1228 3662 ’'l’fi
1246 3609 1319 3660 ap»
1400 3595 1639 3661 wamiam
1652 3610 1821 3645 vocant
1849 3596 2023 3650 Graed'.
2048 3597 2200 3644 aciem
2228 3610 2343 3661 qua-

374 3662 600 3777 ffid'ant.)
623 3671 643 3722 ]
673 3666 807 3730 Plaga
832 3666 907 3710 hic
932 3660 1051 3710 haud
1075 3661 1209 3710 dubie
1238 3665 1320 3709 mi-
1394 3662 1563 3710 «iratam
1590 3663 1730 3714 altera
1752 3681 1876 3751 parte
1901 3667 2176 3729 longiorem.
2224 3666 2345 3713 Gla-

406 3731 494 3779 'tiae
546 3742 722 3778 nomen
757 3763 774 3788 ,
841 3735 891 3781 δε
955 3730 1149 3781 fortaffis
1199 3729 1324 3796 quod
1389 3734 1502 3780 r'kan.

2184 3804 2272 3851 Gn
2294 3814 2357 3848 οι
