2593 4366
240 162 273 194 ὁ
956 159 1018 236 L
1071 179 1100 225 Ῑ
1158 182 1194 229 Β
1248 182 1292 230 Β
1343 181 1393 232 R
1483 162 1546 232 10
2162 187 2203 252 9

302 258 453 330 &um
475 254 549 327 ab
577 261 741 355 rege
777 250 1029 340 fuerat)
1066 278 1504 354 temperatum
1529 255 1648 330 est.
1697 259 1924 330 Roma
1950 187 2212 331 interim
2230 287 2318 358 39

305 357 503 427 crescit
533 357 734 428 Alba:
764 355 985 425 ruinis.
1019 357 1387 454 duplicatur
1409 358 1646 428 civium
1665 382 1999 428 numerus.
2044 363 2220 432 Coe·

299 457 414 525 lius
428 457 662 526 additur
687 455 834 524 urbi
852 482 1070 535 mons,
1089 467 1152 532 &
1176 502 1197 535 ‚
1217 484 1352 555 quo
1375 453 1776 549 frequentius
1793 457 2222 545 habitaretur,

298 579 427 626 eam
447 553 654 626 sedem
677 556 919 626 Tullus
950 558 1146 654 regiae
1168 558 1367 652 capit,
1384 556 1604 656 ibique
1624 557 1857 628 deinde
1880 557 2224 629 habitavit.

300 656 599 752 Principes
624 654 1047 726 Albanorum
1067 657 1134 724 in
1153 663 1409 736 Patres,
1428 680 1496 727 ut
1509 682 1585 728 ea
1604 682 1872 755 quoque
1893 682 2038 754 pars
2058 659 2223 754 reip.

293 751 576 833 cresceret
598 805 624 840 ,
641 755 833 854 legit,
854 756 1091 847 Julios,
1108 756 1450 834 ServilioS,
1474 756 1828 852 Qintios,
1847 759 2225 855 Geganios,

293 855 597 928 Curiatios
619 901 641 934 ,
666 856 1003 933 Cloelios:
1046 856 1545 953 templumque,
1581 854 1796 925 ordini
1827 856 1908 925 ab
1929 853 1992 927 se
2027 859 2252 946 au&O,

291 953 502 1026 curiam
528 950 697 1026 fecit
714 1009 731 1035 ,
751 980 895 1051 quae
921 952 1203 1024 Hostilia
1223 950 1424 1058 usque
1462 953 1542 1025 ad
1560 974 1816 1051 patrum
1845 955 2225 1028 nostrorum

284 1074 518 1125 ztatem
544 1055 882 1151 appellata
900 1051 1083 1128 est.&
1105 1076 1174 1123 ut
1195 1055 1493 1124 omnium
1517 1055 1822 1126 ordinum
1844 1054 2087 1126 viribus
2110 1056 2231 1126 ali-

278 1153 415 1250 quid
436 1178 521 1225 ex
540 1177 731 1223 novo
758 1154 1010 1250 populo
1030 1153 1453 1245 adjiceretur,
1487 1155 1785 1252 equitum
1823 1155 2055 1225 decem
2086 1177 2232 1226 tur-

272 1278 399 1321 mas
419 1279 504 1323 ex
529 1250 815 1322 Albanis
836 1252 1020 1351 legit.
1069 1253 1404 1352 Legiones
1447 1263 1510 1327 δε
1536 1274 1790 1324 veteres
1812 1254 2052 1324 eodem
2077 1250 2115 1323 s
2107 1279 2239 1350 up·-

268 1351 615 1447 plemento
648 1353 978 1448 explevit,
1014 1361 1080 1425 ἅτ
1122 1377 1327 1423 novas
1353 1350 1625 1449 scripsit.
1671 1356 1818 1423 Hac
1854 1350 2088 1423 fiducia
2126 1352 2224 1421 vi·-

269 1451 429 1521 rium
445 1452 696 1521 Tullus
715 1450 971 1522 Sabinis
1004 1450 1251 1521 bellum
1269 1452 1536 1537 indicit3
1570 1453 1752 1551 genti
1771 1475 1849 1521 ea
1878 1448 2228 1548 tempesta·

267 1571 329 1620 te
362 1546 724 1622 secundum
764 1545 1076 1620 Etruscos
1126 1549 1627 1648 opulentiffimae
1677 1552 1830 1621 viris
1876 1548 2225 1649 armisque.

269 1650 604 1747 Utrinque
625 1649 715 1742 inj
798 1650 873 1720 iae
896 1644 1078 1719 fafiae
1096 1693 1116 1727 ‚
1142 1675 1213 1722 ac
1237 1675 1339 1720 res
1361 1651 1798 1750 nequicquam
1817 1673 2002 1721 erant
2033 1675 2226 1749 repe-

268 1749 426 1832 titce.
473 1675 814 1820 TullusYd
836 1749 1129 1820 Feroniae
1161 1746 1383 1819 fanum
1408 1773 1698 1822 mercatu
1738 1746 2071 1848 frequenti
2107 1774 2230 1819 ne-

270 1850 637 1946 gotiatores
660 1851 1007 1920 Romanos
1044 1847 1562 1945 comprehensos
1586 1849 2003 1948 querebatur.
2041 1847 2228 1921 Sabi·

270 1930 498 2018 ni'suos
523 1949 697 2043 prius
727 1948 792 2016 in
821 1949 1036 2019 lucum
1080 1919 1486 2047 confugiffe}
1527 1974 1594 2018 ac
1631 1949 1868 2020 Romae
1901 1970 2222 2019 retentos.

272 2044 367 2120 hae
387 2072 460 2117 ca
511 2043 611 2118 {sae
635 2047 792 2118 belli
819 2042 1217 2116 ferebantur.
1270 2047 1494 2118 Sabini
1532 2047 1696 2118 haud
1720 2072 1943 2144 parum
1966 2070 2224 2118 memo-

272 2170 396 2228 res,
504 2141 754 2218 suarum
776 2145 1009 2219 virium
1031 2143 1282 2243 partem
1300 2150 1530 2221 Romae
1554 2147 1637 2217 ab
1668 2149 1873 2218 Tatio
1909 2148 2220 2228 locatam,

272 2255 338 2329 ἃ
360 2248 734 2319 Romanam
759 2270 898 2316 rem
921 2271 1126 2342 nuper
1143 2248 1339 2317 etiam
1364 2246 1734 2338 adjectione
1756 2248 1982 2342 populi
2011 2246 2225 2315 Alba-

272 2346 338 2414 ni
358 2346 652 2431 ειιιᾶειηη
672 2340 1165 2441 circumspicere
1187 2355 1252 2419 &
1275 2344 1388 2443 ipsi
1409 2367 1681 2416 externa
1712 2347 1986 2420 auxilia.l
2020 2347 2226 2415 Etru-

273 2445 366 2517 ria
383 2466 522 2515 erat
544 2444 774 2523 vicina,
797 2445 1079 2540 proximi
1100 2441 1523 2515 Etruscorum
1542 2446 1886 2516 Veientes.
1941 2447 2102 2513 Inde
2130 2443 2222 2512 ob

269 2541 549 2617 residuas
585 2543 931 2633 bellorum„
949 2544 1073 2612 iras
1107 2545 1388 2614 maxime
1410 2542 1742 2618 solicitatis
1778 2542 1858 2611 ad
1898 2538 2225 2614 (1εὲεᾶἰο-

271 2666 426 2712 nem
450 2641 679 2710 animis
706 2697 723 2722 ,
758 2644 1163 2714 voluntarios
1188 2667 1466 2713 traxere.
1497 2654 1561 2717 &
1601 2642 1767 2738 apud
1803 2667 2006 2741 vagos
2027 2639 2224 2740 quos-

273 2741 426 2810 dam
452 2764 533 2815 ex
558 2740 734 2836 inopi
756 2741 944 2839 plebe
977 2743 1176 2813 etiam
1202 2766 1450 2813 merces
1474 2743 1692 2811 valuit.
1741 2740 2018 2813 Publico
2041 2743 2223 2813 auxi-

271 2841 363 2908 lio
385 2840 571 2910 nullo
592 2841 789 2933 adjuti
812 2838 976 2923 sunt,
1000 2852 1030 2899 4
1056 2844 1387 2939 valuitque
1407 2841 1569 2938 apud
1589 2841 1908 2914 Veientes
1934 2857 2109 2927 (nam
2134 2841 2220 2912 de

173 3006 178 3010 .
274 2939 521 3010 caeteris
547 2941 758 3009 minus
776 2940 1008 3010 mirum
1030 2940 1167 3035 est)
1201 2943 1388 3037 pach
1422 2967 1567 3014 cum
1607 2942 1903 3012 Romulo
1927 2939 2219 3013 inducia‘-

270 3063 409 3108 rum
430 3036 620 3109 fides.
671 3042 901 3136 Qum
929 3038 1176 3109 bellum
1208 3041 1509 3139 utrinque
1530 3037 1777 3113 summa
1807 3065 1936 3137 ope
1958 3063 2219 3135 parare-

273 3157 395 3219 tur,
414 3139 715 3237 vertique
733 3140 799 3209 in
817 3161 903 3208 eo
927 3163 1027 3209 res
1057 3140 1384 3228 videretur
1403 3196 1421 3224 ,
1462 3141 1588 3210 utri
1608 3141 1783 3238 prius
1821 3163 1999 3210 arma
2018 3134 2222 3208 infer·

2047 3259 2218 3329 rent,

2241 2129 2256 2180 5

270 3368 349 3403 rat.
378 3352 528 3403 dicere
550 3348 705 3402 debuit
740 3356 1074 3423 quingentorum.
1123 3353 1204 3406 sed
1267 3357 1395 3405 facia:
1420 3370 1546 3403 erant
1564 3355 1643 3402 sub
1662 3351 1868 3403 Romulo
1882 3354 1928 3399 in
1942 3364 2121 3402 centum
2135 3366 2218 3400 an-

267 3424 502 3486 Virgilium
515 3422 727 3486 sequiturt
750 3426 1114 3471 mitterem-om.
1137 3430 1201 3471 In-
1275 3441 1359 3472 nos
1377 3449 1396 3480 ‚·
1419 3422 1492 3473 sed
1517 3425 1597 3470 sub
1637 3422 1779 3469 Tullo
1823 3419 2024 3467 Hostilio
2050 3436 2214 3484 ωριτε

263 3490 426 3553 telligis
437 3486 550 3552 quid
563 3489 717 3538 velim.
750 3492 791 3539 A
813 3489 999 3539 condita
1027 3493 1139 3539 Alba
1152 3490 1209 3540 ad
1271 3495 1430 3554 quippe
1448 3493 1652 3538 Veientes
1676 3504 1817 3536 cornu
1831 3484 1993 3535 dextro
2013 3486 2219 3537 adversus

265 3561 520 3607 Romulum
544 3571 689 3603 annos
706 3573 925 3606 trecentos
939 3562 1089 3607 statuit
1108 3564 1204 3607 Vir·
1275 3560 1458 3606 Tullum
1471 3560 1679 3605 steterunt
1692 3570 2093 3620 pugnaverantque.
2114 3561 2217 3603 Pru-

259 3626 417 3699 gilius:
438 3626 594 3683 Livius
608 3624 684 3673 sub
697 3625 831 3673 Tullo
844 3623 1206 3690 quadringentos.
1276 3626 1360 3673 stra
1372 3629 1503 3688 igitur
1518 3628 1592 3672 hic
1608 3624 1788 3672 servata:
1802 3660 1815 3679 ‚
1831 3640 1930 3689 quae
1941 3640 2070 3671 antea
2081 3637 2222 3685 ωριτε

168 3716 171 3725 ·
266 3700 423 3757 Qare
439 3693 679 3753 Virgilium
693 3693 899 3755 sequitur.
939 3700 1044 3743 Tan.
1062 3697 1206 3744 Faber.
1273 3707 1414 3741 erant.
1444 3696 1678 3756 Atquiego
1692 3693 2094 3749 memorialapsum
2111 3702 2226 3756 puto

290 3758 305 3763 '⁷
326 3780 357 3826 ς
392 3762 749 3843 valuitqueapoed
766 3767 994 3827 Veientes-j
1014 3760 1208 3823 inducia:
1281 3764 1471 3815 Livium.
1514 3762 1720 3819 Glareaeu.
1973 3754 1993 3801 ὅ
2078 3833 2112 3875 P

1242 3840 1245 3843 ¹
2027 3842 2048 3891 ς
2114 3843 2227 3894 agna
