2593 4366
391 137 527 229 508
1049 133 1143 205 T.
1242 132 1302 203 L
1354 153 1382 203 1
1425 156 1472 203 v
1518 155 1550 204 1
1600 150 1631 201 1

376 249 614 318 coorta
634 262 658 320 3
694 258 894 334 quum
917 234 1218 312 Antiates
1253 232 1409 303 ,νίἃὶ
1450 232 1631 304 malis
1652 226 2029 330 subactique
2051 230 2256 318 bello,
2278 236 2353 313 in

345 344 593 430 quo&
627 336 763 403 nati
783 327 969 405 erant
1009 342 1073 406 &
1099 329 1572 404 consenuerant
1594 376 1615 409 ,
1647 332 2056 403 deditionem
2081 330 2336 430 specta-

253 489 262 496 *
360 455 554 506 rent:
593 433 866 516 Latinos
900 458 978 518 ex
1002 431 1251 516 diutina
1279 455 1439 526 pace
1456 455 1628 500 nova
1646 425 1931 500 defectio
1953 435 2336 528 recentibus

246 574 250 578 -
355 530 577 602 adhuc
604 531 834 602 animis
858 528 1215 607 ferociores
1240 532 1317 599 ad
1341 526 1889 625 perseverandum
1916 533 1982 600 in
2018 530 2203 616 ‚bello
2232 532 2326 604 fa-

359 653 562 712 ceret.
583 629 736 700 finis
760 630 1132 706 certaminis
1156 624 1299 708 fuit,
1320 628 1666 726 postquam
1694 625 1980 727 utrisque
2004 634 2324 728 apparuit,

354 727 514 799 nihil
538 753 655 824 per
676 731 919 825 alteros
943 728 1129 810 stare,
1152 753 1286 826 quo
1307 728 1518 797 minus
1542 729 1839 824 incoejpta
1859 725 2329 827 persequeren-

349 847 481 898 tur.
537 827 757 906 Latini
781 826 1107 924 profecti,
1149 828 1184 897 a
1209 826 1522 897 societate
1547 827 1754 921 paciS,
1781 851 1849 899 ut
1868 826 2206 910 rebantur,
2222 832 2322 903 in-

351 923 644 998 honestae
664 972 684 1005 ‚
703 923 835 998 sese
862 928 1377 999 vindicaverunt.
1424 927 1728 1002 Antiates
1750 925 2197 1001 incommodis
2218 956 2320 1002 ar·

350 1021 540 1096 birris
565 1023 939 1104 salutarium
967 1023 1389 1098 consiliorum
1412 1024 1707 1102 remotis,
1728 1022 1962 1101 urbem
1984 1023 2315 1127 agrosque

345 1125 672 1205 Romanis
713 1126 985 1197 dedunt.
1040 1132 1143 1196 Ira
1184 1132 1249 1198 &
1287 1122 1500 1194 rabies
1540 1123 1957 1204 Latinorum,
1995 1126 2152 1221 quia
2189 1135 2319 1200 nec

345 1223 695 1295 Romanos
731 1224 915 1296 bello
950 1225 1184 1296 laedere
1207 1279 1225 1307 ‚
1267 1247 1390 1320 nec
1426 1219 1716 1295 Volscos
1746 1222 1813 1292 in
1839 1222 2033 1292 armis
2062 1226 2321 1299 retine-

345 1347 421 1394 re
439 1346 788 1418 potuerant
810 1369 832 1404 ‚
870 1349 954 1395 eo
975 1323 1225 1418 erupit,
1265 1343 1335 1392 ut
1356 1319 1672 1393 Satricum
1705 1322 1935 1408 urbem
1962 1371 1983 1404 ,
2019 1348 2163 1420 quae
2198 1348 2315 1395 re·-

344 1426 755 1518 ceptaculurn
776 1424 1056 1520 primum
1077 1422 1172 1498 eis
1192 1417 1470 1510 adversat
1493 1445 1721 1519 pugnae
1744 1415 2118 1519 fuerat,igni
2140 1447 2315 1498 con..

239 1513 246 1524 ⁸
343 1544 744 1593 cremarent:
768 1548 886 1596 nec
909 1521 1077 1593 aliud
1097 1523 1344 1597 tectum
1358 1522 1495 1612 ejus
1518 1516 1825 1615 superfuit
1847 1518 2020 1596 urbis
2048 1525 2071 1610 (
2095 1547 2301 1618 quum

341 1614 517 1707 faces
555 1623 796 1715 pariter
836 1618 1028 1697 sacris
1067 1615 1485 1718 profanisque
1518 1618 1915 1712 injicerent)
1938 1644 2138 1716 quam
2164 1645 2308 1691 ma·

340 1719 457 1788 tris
493 1723 767 1796 Matutae
798 1722 1148 1816 templum.
1198 1719 1360 1796 Inde
1396 1742 1511 1789 eos
1552 1742 1673 1788 nec
1708 1716 1814 1787 sua
1850 1717 2086 1815 religio
2109 1773 2127 1800 ,
2165 1744 2291 1793 nec

336 1819 729 1888 verecundia
766 1817 993 1896 Defim
1031 1817 1285 1900 arcuisse
1319 1817 1595 1898 dicitur,
1642 1813 1753 1887 sed
1791 1816 2291 1911 voxOhorrenda

228 1958 236 1971 ·
331 1913 507 1994 edita
559 1917 814 2011 templo
851 1942 1002 1990 cum
1041 1916 1329 2006 tristibus
1377 1916 1602 1996 minis,
1658 1916 1723 1985 ni
1753 1911 2072 1994 nefandos
2106 1916 2292 2015 ignes

331 2016 561 2107 procul
583 2014 872 2085 delubris
909 2011 1321 2092 amoviss'ent.
1376 2009 1690 2093 Incensos
1730 2038 1808 2095 ea
1836 2013 2057 2096 rabie,
2086 2015 2300 2111 impe-

330 2133 433 2180 tus
457 2109 818 2195 Tusculum
841 2115 1029 2201 tulit;
1064 2114 1156 2185 ob
1193 2115 1358 2188 iram
1384 2162 1405 2195 ,
1448 2112 1629 2213 quod
1661 2108 1927 2185 deserto
1957 2115 2299 2188 communi

327 2213 614 2293 concilio
657 2215 1043 2285 Latinorum
1066 2258 1087 2292 ‚
1126 2213 1354 2285 nonin
1388 2209 1768 2284 societatem
1813 2215 2018 2284 modo
2043 2217 2296 2286 Roma-

326 2335 477 2381 nam
507 2356 528 2390 ,
561 2307 671 2384 sed
693 2314 894 2389 etiam
929 2314 993 2389 in
1028 2313 1368 2384 civitatem
1407 2308 1469 2383 se
1505 2308 1843 2383 dedissent.
1900 2312 2284 2393 Patentibus

325 2411 536 2505 portis
588 2438 791 2508 quum
839 2409 1199 2510 improviso
1247 2406 1652 2492 incidiffent,
1727 2412 1944 2508 primo
1993 2413 2283 2484 clamore

322 2508 641 2605 oppidum
680 2534 914 2608 praeter
944 2537 1162 2592 arcem
1201 2533 1465 2609 captum
1487 2509 1581 2583 est
1603 2556 1624 2589 ,
1655 2510 1723 2580 in
1760 2512 1974 2581 arcem
2010 2510 2291 2606 oppida-

323 2609 391 2676 ni
444 2603 746 2706 refugere
799 2637 947 2692 cum
990 2612 1385 2710 conjugibus
1434 2636 1508 2681 ac
1547 2609 1769 2680 liberis
1807 2638 1830 2679 τ
1886 2607 2288 2709 nunciosque

321 2708 664 2789 Romam,
717 2710 833 2807 qui
886 2710 1237 2791 certiorem
1291 2711 1372 2780 de
1421 2706 1536 2780 suo
1593 2704 1733 2779 casu
1772 2704 2064 2779 senatum
2106 2705 2287 2781 face-

277 2825 511 2891 sptem,
551 2802 798 2880 misere.
869 2809 1069 2881 Haud
1106 2806 1406 2907 segnius,
1444 2831 1639 2904 quam
1682 2803 1810 2876 fide
1864 2807 2094 2902 populi
2133 2810 2291 2888 Ro-

326 2906 501 2974 mani
551 2904 824 3004 dignum
869 2904 1024 2989 fuit,
1094 2910 1419 2979 exercitus
1468 2900 1826 2976 Tusculum
1887 2904 2146 2981 duRus.
2199 2911 2289 2980 L.

250 3088 256 3099 ¹
326 3003 696 3101 QintiuS,
759 3014 824 3085 δι
861 3006 1117 3088 Servius
1169 2999 1776 3099 Sulpiciustribuni
1825 3000 2106 3082 militum
2156 3003 2289 3084 du-

321 3102 501 3193 xere.
568 3100 805 3174 clausas
857 3126 1078 3200 portas
1105 3097 1416 3183 Tusculi,
1477 3094 1874 3195 Latinosque
1917 3096 2101 3170 simul
2147 3099 2285 3170 ob-

319 3200 662 3274 fidentium
704 3225 901 3300 atque
937 3197 1339 3272 obsessorum
1385 3196 1794 3284 animo‘hinc
1835 3197 2082 3268 moenia
2132 3220 2289 3272 tue-

321 3303 377 3372 ri
426 3303 694 3392 vident,
740 3301 920 3395 illinc
966 3302 1179 3391 artem
1232 3294 1614 3399 oppugnare
1667 3327 1691 3390 3
1731 3320 1975 3368 terrere
2028 3323 2152 3368 una
2197 3325 2273 3393 ac

321 3426 582 3495 pavere.
629 3399 977 3494 Adventus
1021 3404 1478 3472 Romanorum
1526 3417 1891 3483 mutaverat
1944 3384 2278 3499 utriusque

321 3501 519 3606 partis
551 3498 868 3571 animosi*
900 3490 1315 3583 Tusculanos
1349 3524 1429 3570 ex
1483 3496 1739 3597 ingenti
1782 3518 1962 3580 metu
1996 3496 2064 3565 in
2098 3492 2276 3579 sum-

318 3624 495 3670 mam
549 3594 1007 3686 alacritatem3
1075 3600 1350 3670 Latinos
1417 3592 1760 3693 ex‘prope
1808 3616 1983 3667 certa
2035 3591 2280 3667 fiducia

317 3699 476 3795 mox
530 3699 856 3801 capiendae
910 3701 1112 3783 arcis,
1171 3694 1482 3807 quoniam
1534 3696 1787 3807 oppido
1840 3694 2273 3803 potirentur,
