2593 4366
900 112 993 190 -L
1032 135 1066 190 r
1105 138 1147 191 n
1192 138 1335 193 nin
1428 111 1566 192 nt.
2047 138 2201 219 73¹

231 207 829 318 ,fleraobsepserant
842 214 1101 291 hostem
1118 214 1445 318 saltusque
1465 214 1736 316 pervios
1754 239 2067 320 ceperant
2088 251 2204 306 ,ne

240 346 384 424 qua
400 316 675 392 subvehi
691 338 1107 391 commeatus
1167 315 1396 390 ossent:
1418 341 1638 419 neque
1658 344 1778 391 eos
1800 346 2003 421 quum
2024 349 2203 424 quo-

248 423 415 495 tidie
437 417 617 519 figna
633 419 702 491 in
724 417 935 492 aciem
957 441 1089 491 con
1120 417 1186 488 ul
1220 414 1552 515 proferret
1568 464 1593 502 ‚
1624 420 1870 493 elicere
1890 422 1969 494 ad
1984 425 2205 497 certa·

234 546 409 595 ,men
427 540 712 617 poterat.
733 516 1012 618 satisque
1028 516 1390 617 apparebat
1416 542 1631 620 neque
1662 520 2024 594 Samnitem
2052 549 2202 599 cer-

247 640 476 694 tamen
489 614 770 717 praesens
786 659 811 702 ,
845 644 969 691 nec
984 618 1370 690 Romanum
1405 617 1791 694 dilationem
1832 618 1996 693 belli
2027 621 2201 707 latuff-

240 744 428 792 ¹rum.
469 719 823 791 Adventus
841 717 1078 794 Marcii
1101 757 1124 799 ,
1161 717 1276 817 qui
1289 717 1599 791 Hernicis
1618 716 1895 792 subactis
1913 741 2203 804 matura-

244 819 347 891 vit
382 819 662 918 collegae
702 818 925 892 venire
961 817 1207 889 auxilio
1244 870 1266 902 ,
1322 841 1580 891 moram
1615 821 1988 892 certaminis
2025 820 2202 897 hosti

238 917 526 994 exemit.
562 944 711 991 nam
731 962 755 1002 ,
785 939 857 990 ut
895 916 1121 1016 quine
1153 919 1343 989 alteri
1377 917 1646 1017 quidem
1679 920 1993 991 exercitui
2023 917 2089 994 se
2116 924 2201 1006 ad

243 1040 586 1094 certamen
608 1012 1021 1092 credidissent
1038 1041 1227 1115 pares
1249 1062 1272 1098 ,
1288 1018 1607 1118 conjungi
1624 1017 1849 1118 utique
1869 1017 2202 1114 paffiduoe

238 1115 629 1193 consulares
649 1119 1004 1199 exercitus,
1020 1116 1183 1190 nihil
1199 1118 1550 1192 crederent
1569 1113 1893 1214 superesse
1910 1116 2066 1215 spei3
2087 1121 2205 1202 adq.

238 1219 629 1292 dvenientem
651 1214 1100 1315 incomposito
1143 1218 1405 1316 agmine
1443 1218 1769 1294 Marcium
1809 1220 2203 1317 aggrediunss·

240 1338 374 1393 tur.
425 1317 701 1415 Raptim
717 1313 1256 1400 collatae.sarcinae
1273 1319 1342 1389 in
1367 1318 1659 1388 medium
1680 1343 1697 1387 ε
1722 1326 1787 1391 &
1806 1337 2007 1414 prout
2026 1339 2203 1394 tem*

242 1442 366 1514 pus
386 1417 781 1515 patiebatur,
802 1415 1115 1490 instru&a
1130 1419 1328 1489 acies.
1377 1416 1659 1488 Clamor
1677 1417 1963 1513 primurn
1986 1418 2052 1490 in
2071 1416 2203 1491 sta-

244 1518 379 1587 tiva
401 1517 691 1613 perlatus
715 1572 732 1599 ,
751 1512 1397 1614 deindessconspefims
1416 1516 1649 1613 procul
1671 1517 1886 1612 pulvis
1908 1567 1932 1602 ,
1956 1520 2205 1591 tumul-

242 1636 388 1688 tum
428 1617 598 1713 apud
630 1616 907 1688 alterum
928 1612 1265 1688 consulem
1288 1617 1356 1688 in
1376 1611 1601 1687 castris
1626 1610 1806 1687 fecit.
1835 1611 2205 1715 isquecow„

242 1707 465 1786 festim
505 1739 686 1787 arma
706 1741 782 1787 ca
872 1739 941 1787 re
975 1712 1154 1806 juffis
1179 1765 1201 1798 ‚
1238 1714 1613 1813 raptimque
1631 1714 1968 1796 eductisin
1987 1717 2199 1791 aciem

242 1813 564 1896 militibus
591 1860 614 1896 ‚
635 1739 1063 1888 tranffersam
1085 1813 1371 1888 hostium
1392 1814 1599 1886 aciem
1614 1857 1642 1897 ᾖ
1680 1833 1882 1914 atque
1902 1816 2033 1886 alio
2056 1835 2195 1896 cer-2

240 1914 490 1985 tamine
508 1936 921 2010 occupatam,
942 1913 1192 1988 invadit
1213 1943 1230 1983 ε
1250 1915 1594 1986 clamitans
1604 1911 2198 2010 summumflagitim

229 2008 361 2102 fore
376 2067 397 2095 ,
416 2012 469 2110 fi
487 2015 735 2085 alterum
751 2015 1068 2085 exercitam
1083 2010 1380 2108 utriusque
1394 2016 1631 2085 viauia
1650 2031 1955 2104 compotem
1949 2018 2200 2111 fluerent

234 2109 392 2207 fieri,
410 2135 513 2185 nec
533 2111 777 2211 adsesus‘
795 2115 919 2188 bem
938 2114 1298 2186 radicarent
1315 2113 1496 2183 decim
1550 2115 1707 2206 Qa
1727 2117 2051 2211 impetum
2075 2117 2197 2188 de·

242 2214 455 2295 derat,
481 2214 886 2310 perrumpit:
918 2215 1137 2289 aciem
1193 2236 1275 2285 ue
1295 2236 1415 2304 per
1451 2213 1737 2285 mediam
1755 2214 1822 2282 in
1840 2213 2048 2283 castra
2064 2213 2196 2291 ho-

237 2307 430 2383 stium
448 2313 664 2385 tendit
688 2362 710 2391 ,
745 2324 811 2386 δι
837 2336 1036 2383 vacua
1055 2314 1139 2382 de
1170 2307 1512 2388 enson'bus
1543 2311 1721 2406 capit
1750 2333 1949 2407 atque
1964 2312 2197 2383 incen-
2287 2382 2305 2401 ἢ

238 2407 360 2478 dit.
419 2415 608 2507 Qae
629 2408 740 2480 ubi
754 2410 1099 2507 flagrantia
1118 2408 1496 2483 Marcianus
1517 2410 1706 2479 miles
1722 2405 2065 2505 conspexit
2080 2454 2102 2490 ,
2119 2420 2191 2486 δε

238 2504 466 2576 hostes
510 2506 849 2603 respexere
873 2552 896 2589 ,
932 2528 1073 2578 tum
1094 2505 1319 2603 paffim
1353 2501 1511 2604 fuga
1540 2528 1771 2601 coepta
1803 2509 2196 2581 Samnitium

240 2601 408 2672 fieri.
426 2604 534 2677 sed
554 2608 779 2676 omnia
795 2603 1058 2683 obtinet
1074 2607 1284 2676 caedes
1306 2631 1324 2674 e
1362 2603 1576 2676 necin
1598 2608 1797 2687 ullam
1820 2628 2072 2703 partem
2088 2629 2198 2692 tuq

243 2721 386 2772 tum
409 2700 776 2805 perfugium
801 2704 918 2777 est.
967 2701 1114 2800 Jam
1152 2704 1421 2805 triginta
1441 2704 1730 2776 millibus
1756 2703 2040 2779 hostium
2063 2733 2194 2781 cae-

241 2799 346 2880 fis,
366 2800 617 2905 iignum
635 2803 931 2903 receptui
951 2799 1249 2877 consules
1268 2803 1583 2875 dederant
1604 2849 1626 2882 ‚
1648 2804 2186 2908 colligebantque

240 2899 524 2976 inunum
561 2905 783 3003 copias
804 2954 823 2984 ,
853 2903 1139 2977 invicem
1179 2905 1353 2975 inter
1369 2898 1434 2975 se
1450 2925 1825 3004 gratantes:
1856 2932 2058 3005 quum
2080 2933 2192 2981 re-

241 3023 441 3093 pente
455 3002 602 3078 visae
621 3005 851 3103 procul
871 3001 1156 3077 hostium
1184 3024 1374 3075 novae
1396 3002 1711 3075 cohortes
1732 3053 1754 3087 ,
1790 3006 2015 3102 quaein
2038 3003 2190 3115 sup-

243 3100 649 3190 plementum
669 3101 921 3201 scriptae
939 3100 1639 3202 fuerant.integravere
1660 3103 2003 3175 caedem.in
2024 3128 2194 3204 quas
2280 3112 2284 3116 ’

247 3218 370 3267 nec
390 3199 548 3291 juss‘u
570 3201 939 3284 consulum,
955 3228 1076 3276 nec
1100 3201 1284 3302 [igno
1308 3225 1589 3301 accepto
1602 3204 1888 3277 vietores
1910 3206 2190 3294 vaduntg-

248 3297 427 3365 malo
448 3299 1195 3376 tirocinioimbuendum
1211 3303 1600 3385 Samnitem,
1618 3304 2059 3374 clamitantes.
2072 3310 2196 3383 lna,

246 3396 524 3492 dulgent
539 3397 859 3473 Consules
882 3403 942 3475 le
991 3404 1218 3474 ionum
1241 3401 1560 3480 ardori,ut
1578 3402 1689 3500 qui
1711 3401 1921 3498 probe
1942 3396 2219 3475 scirent*

252 3517 501 3566 novum
532 3499 808 3571 militem
849 3431 1133 3573 hofiium
1162 3501 1335 3571 inter
1375 3498 1706 3597 perculsos
1738 3498 1892 3601 fuga
1924 3521 2183 3574 vetera-

250 3615 401 3668 nos.
419 3620 500 3667 ne
521 3598 840 3671 tentando
853 3602 1118 3699 quidem
1140 3595 1289 3670 satis
1311 3600 1652 3671 certamini
1674 3595 1843 3673 fore.
1893 3605 2042 3672 Nec
2060 3626 2181 3673 eos

246 3691 480 3786 opinio
498 3694 759 3771 fefellit.
792 3723 1027 3773 omnes
1045 3698 1431 3774 Samnitium
1454 3698 1660 3798 copiae
1690 3721 1944 3772 veteres
1964 3725 2206 3817 novar—f

2018 3825 2178 3900 que,
