2593 4366
921 120 985 190 L
1039 134 1069 184 1
1125 137 1166 185 Β
1215 138 1256 186 n
1302 135 1354 188 R
1444 115 1538 194 V.
1992 157 2037 190 υ.

203 221 527 316 nunquit,
547 238 652 288 aut
668 214 904 313 praefidio
919 214 1149 285 decedit.
1206 204 1465 284 auctores
1483 212 1653 311 signa
1688 199 2042 306 relinquendi
2057 136 2099 299 ‚3
2110 133 2207 293 ἓν,

220 322 519 423 deserendi
539 314 741 411 castra,
765 339 871 383 non
885 319 979 384 uni
997 333 1102 382 aur
1114 314 1282 381 alteri
1302 313 1607 409 miliri,sed
1634 316 1901 408 univerfis
1917 318 2205 384 exerciti·-

224 429 343 507 (μω,
364 421 566 514 palam
581 419 643 483 in
659 418 907 483 concione
932 412 1257 485 audiuntur.
1299 412 1438 479 adeo
1467 413 1737 503 quicquid
1765 413 2205 505 tribunusplebis

222 526 527 614 ιρφάηηὸ
565 514 665 612 ersi
693 513 975 606 prodenda
1012 514 1205 604 patria
1220 554 1241 590 ‚
1290 510 1731 608 diffiilvendaeque
1761 513 2063 607 reipublice
2092 510 2193 607 est,

233 617 470 719 (μερὶς
494 619 635 705 aqui
648 612 850 681 audire
866 639 887 681 .·
906 611 978 688 ά
993 610 1281 679 dulcedine
1289 606 1573 703 potestatis
1589 611 1711 706 ejus
1732 615 1913 704 capti,
1935 613 2198 704 qualibet

229 721 343 820 sub
363 709 1044 812 casceleralarerefinitis.
1102 711 1393 798 Reliquum
1407 706 1482 801 est
1501 764 1520 790 ‚
1550 728 1615 779 ut
1629 731 1742 800 qua
1761 713 1851 780 bic
1884 708 2205 801 vociferan-

244 840 372 899 tur,
389 807 855 932 echastrk
888 810 962 898 ἐφ’
994 809 1144 900 apud
1175 808 1388 886 milites
1402 827 1614 899 agantur
1655 813 1726 885 (α’
1763 815 2045 881 exercitus
2075 833 2207 881 cor-⁶

247 906 893 1007 rumpant3³ducibusque
905 931 1108 1004 parere
1136 908 1568 1000 nonpatiantur.
1605 909 1869 998 quoniam
1889 932 1957 977 ea
1970 910 2203 980 demum

249 1010 674 1098 Romaliberras
695 1009 789 1104 est,
806 1006 1174 1101 nonsenarus,
1193 1028 1298 1074 non
1321 1003 1681 1099 magistratus
1701 1062 1721 1088 ‚
1755 1028 1861 1075 non
1874 1007 2021 1099 leges
2038 1064 2056 1091 ,
2093 1031 2203 1078 non

256 1137 434 1199 mores
448 1111 732 1207 majorum
757 1158 776 1186 ,
811 1129 918 1177 non
935 1102 1192 1198 instituta
1208 1117 1446 1174 Parrum
1467 1160 1485 1186 ‚
1518 1128 1623 1173 non
1651 1105 2001 1199 disciplinam
2019 1109 2206 1179 vereri

250 1215 490 1299 militie.
547 1218 670 1282 Par
700 1210 828 1299 jam
862 1206 1060 1276 eriam
1094 1207 1162 1276 in
1186 1204 1614 1275 concionibus
1642 1228 1784 1277 erat
1815 1207 2069 1303 Appius
2090 1207 2201 1276 tri-
2228 1223 2280 1302 7

245 1312 438 1385 bunis
465 1306 709 1406 plebis,
731 1331 932 1403 quum
952 1300 1169 1374 subito
1187 1348 1209 1382 ‚
1233 1304 1404 1376 unde
1424 1305 1692 1376 minime
1711 1304 1856 1403 quis
1876 1305 2208 1389 crederet,

243 1430 520 1506 accepta
549 1406 881 1478 calamitas
920 1403 1090 1501 apud
1109 1402 1351 1483 Veios,
1388 1413 1453 1478 δι
1491 1399 1892 1501 superiorem
1910 1405 2217 1502 Appium·

243 1512 313 1584 in
331 1502 564 1588 caussa,
587 1515 651 1579 &
674 1503 1092 1576 concordiam
1111 1500 1419 1574 ordinum
1435 1506 1754 1596 majorem
1774 1506 2217 1602 ardoremque

245 1611 331 1684 ad
373 1604 775 1678 obsidendos
816 1602 1210 1700 pertinacius
1271 1604 1483 1676 Veios
1520 1600 1703 1674 fecit.
1767 1608 1949 1677 Nam
1999 1629 2207 1703 quum

247 1733 456 1810 agger
496 1724 840 1804 promotus
880 1702 958 1774 ad
980 1701 1209 1773 urbem
1232 1757 1251 1783 ‚
1285 1704 1623 1802 vineaeque
1640 1724 1891 1775 tantum
1916 1729 2052 1775 non
2069 1705 2208 1796 jam

244 1807 559 1902 injunstae
580 1801 909 1876 moenibus
929 1796 1170 1893 effent3
1204 1802 1361 1873 dum
1380 1826 1583 1899 opera
1615 1804 1900 1877 interdiu
1921 1801 2087 1874 fiunt
2103 1804 2212 1874 in-

249 1908 542 1989 tentius,
582 1928 779 2003 quam
820 1902 1018 1972 noete
1055 1899 1544 1989 custodiuntur;
1578 1899 1902 2000 patefafia
1931 1925 2208 2000 repente

252 2029 478 2106 porta,
494 2005 728 2103 ingens
747 2001 1122 2080 multitude,
1137 1996 1384 2073 facibus
1410 2002 1692 2074 maxime
1714 2025 1960 2074 armata
1975 2052 1996 2086 ,
2019 2006 2211 2101 ignes

249 2103 572 2201 conjecit.
614 2101 923 2201 horaeque
945 2121 1290 2171 momento
1317 2102 1500 2174 simul
1523 2126 1830 2202 aggerem
1862 2127 1937 2174 ac
1956 2102 2208 2183 vineas,

250 2230 391 2281 tam
413 2202 930 2303 longitemporis
947 2214 1112 2298 opus
1142 2245 1162 2281 ‚
1209 2202 1583 2274 incendium
1608 2201 1847 2273 hausit:
1879 2202 2206 2301 multique

255 2305 351 2378 ibi
374 2304 687 2376 mortales
705 2300 1143 2398 nequicquam
1167 2324 1367 2396 opem
1387 2296 1672 2371 ferentes
1697 2344 1718 2379 ,
1742 2294 1918 2371 ferro
1936 2301 2206 2399 ignique

261 2400 590 2500 absumpti
610 2397 775 2471 sunt.
828 2399 1038 2568 OYupd
1057 2397 1168 2469 ubi
1190 2401 1477 2470 Romam
1502 2397 1595 2469 est
1613 2400 2011 2477 nunciatum‚‘
2036 2425 2213 2469 moe-
2256 2450 2261 2455 ι

261 2504 500 2578 stiriam
519 2498 829 2571 omnibus
853 2548 874 2580 ,
923 2496 1140 2569 enatui
1172 2520 1393 2568 curam
1423 2518 1806 2594 metumque
1827 2495 2085 2590 injecit,
2125 2521 2213 2567 ne

260 2624 406 2675 tum
429 2624 591 2670 vero
606 2597 891 2669 sustineri
908 2621 1029 2669 nec
1049 2597 1116 2665 in
1136 2597 1296 2667 urbe
1316 2595 1547 2667 seditio
1562 2646 1585 2676 ‚
1603 2596 1804 2667 necin
1821 2596 2042 2667 castris
2058 2594 2189 2693 pos
2182 2638 2214 2654 -

261 2699 397 2780 set,
418 2709 481 2775 δι
502 2696 746 2769 tribuni
783 2696 994 2792 plebis
1033 2696 1213 2767 velut
1232 2694 1314 2764 ab
1335 2692 1397 2766 se
1421 2698 1603 2767 vista:
1619 2696 1777 2793 reip.
1792 2684 2171 2766 insultarent
2187 2721 2209 2766 z

261 2826 467 2900 quum
494 2801 791 2893 repente,
810 2795 1045 2892 quibus
1065 2790 1290 2865 census
1310 2793 1611 2892 equester
1627 2817 1794 2879 erat,
1818 2819 1855 2866 e
1911 2794 1970 2866 ui
1993 2795 2214 2892 publi-

261 2901 320 2971 ci
349 2924 485 2970 non
515 2919 698 2967 erant
721 2893 1051 2995 assignati,
1085 2892 1359 2965 consilio
1395 2896 1569 2992 prius
1609 2895 1778 2966 inter
1800 2821 1930 2967 sea
1952 2893 2209 2972 habito,

262 2997 557 3070 senarum
579 2995 853 3079 adeunt3
877 2990 1178 3092 factaque
1193 2994 1456 3066 dicendi
1477 2992 1802 3092 potestate
1821 3050 1842 3078 ‚
1877 2991 2211 3087 equisseficic

245 3096 536 3193 stipendia
550 3091 787 3190 facturos
806 3093 1219 3191 promittunt.
1267 3094 1533 3187 Qibus
1569 3119 1772 3192 quum
1805 3088 2219 3191 amplissimis‘

263 3195 484 3268 verbis
502 3195 723 3293 gratiae
745 3194 826 3264 ab
856 3189 1073 3265 senatu
1113 3192 1271 3262 21&ae
1286 3188 1516 3277 efflent,
1542 3188 1847 3290 famaque
1876 3217 1954 3267 ea
1990 3188 2211 3262 forum
2245 3216 2253 3225 ’

229 3291 236 3297 ’
263 3318 465 3393 atque
489 3294 719 3363 urbem
740 3288 1137 3388 pervasisset,
1158 3286 1372 3361 subito
1393 3293 1470 3362 ad
1489 3292 1733 3365 curiam
1768 3285 2117 3364 concursus
2138 3286 2217 3359 fit

265 3392 504 3492 piebis.
556 3389 874 3465 Pedestris
893 3388 1138 3462 ordinis
1156 3384 1219 3459 se
1242 3393 1422 3481 ajunt
1449 3416 1618 3462 nunc
1636 3387 1788 3469 effe,
1808 3411 2218 3488 operamque

263 3492 640 3589 reipublicae
658 3513 841 3561 extra
858 3489 1160 3561 ordinem
1182 3489 1481 3585 polliceri
1498 3521 1522 3582 3
1544 3486 1652 3561 seu
1671 3488 1883 3563 Veios
1905 3533 1926 3569 ‚
1956 3486 2064 3560 seu
2078 3512 2218 3586 quo

266 3593 400 3662 alio
445 3592 687 3663 ducere
725 3589 951 3662 velint.
989 3585 1036 3658 si
1071 3589 1283 3660 Veios
1322 3585 1687 3668 duffisxnt,
1722 3610 1966 3685 negant
1987 3585 2222 3661 seinde

271 3691 451 3794 prius
495 3714 697 3794 quam
719 3708 910 3789 capta
940 3685 1101 3762 urbe
1120 3684 1447 3770 hostium,
1482 3685 1813 3859 regituros
1842 3681 1992 3764 esse.
2041 3691 2229 3760 Tum

1460 3788 1519 3864 B
1643 3808 1680 3888 5
2033 3838 2037 3841 -
2064 3809 2233 3863 vero
2270 3792 2279 3803 “
