2593 4366
886 156 946 224 L
998 175 1029 222 1
1074 177 1112 222 B
1162 175 1203 222 Β
1249 175 1298 225 R
1397 154 1537 238 vl.
2015 179 2183 254 475,

164 250 288 342 ηεξ
318 256 615 335 urbanae,
642 265 672 301 ²
702 249 934 351 quibus
959 252 1274 348 Qintius
1305 247 1683 347 praefuerat,
1718 253 2158 327 eidecernun·

167 386 303 433 tur.
325 377 736 455 quamquam
760 372 1108 447 expertum
1128 353 1518 425 exercitum.
1548 348 1992 451 assuetumque
2028 357 2158 424 im-

171 458 393 556 perio,
422 456 629 552 quiin
654 448 916 522 Volscis
940 471 1116 528 erat,
1145 450 1395 531 mallet,
1422 450 1581 519 nihil
1622 450 1969 523 recusavit:
2019 460 2156 528 Va-

173 556 415 629 lerium
435 551 911 622 tantummodo
937 548 1193 644 imperii
1213 545 1460 617 socium
1482 551 1896 646 depoposcit.
1930 552 2156 643 Qin-

175 659 308 726 tius
332 645 785 746 Horatiusque
824 643 1214 718 successores
1259 647 1537 719 Valerio
1559 650 1624 717 in
1667 648 1920 722 Volscis
1957 650 2150 732 miffi.

182 749 484 830 Psofecizi
503 749 585 818 ab
635 747 795 817 urbe
839 746 1124 818 Sutrium
1162 745 1383 820 Furius,
1409 757 1473 818 &
1512 749 1815 818 Valerius
1836 802 1857 833 ,
1898 773 2180 846 partem,

182 851 422 948 oppidi
449 854 570 937 jam
593 868 852 942 captam
876 847 957 914 ab
974 840 1259 915 Etruscis
1279 846 1585 914 invenere
1610 872 1724 916 :ex
1749 872 1929 943 parte
1950 851 2156 919 altera
2258 905 2269 908 -

184 945 556 1044 interseptis
581 944 924 1018 itineribus
948 968 1123 1041 oegre
1141 943 1510 1039 oppidanos
1536 945 1662 1013 vim
1685 945 1970 1016 hostium
1990 947 2071 1016 ab
2094 946 2155 1017 se

194 1069 516 1134 arcentes.
569 1049 746 1117 Cum
775 1044 1066 1117 Romani
1094 1042 1309 1111 auxilii
1329 1042 1646 1112 adventus
1666 1093 1686 1123 ,
1729 1066 1864 1113 tum
1885 1046 2153 1116 Camilli

199 1171 444 1217 nornen
464 1143 968 1218 celeberrimum
991 1142 1157 1237 apud
1178 1138 1399 1211 hostes
1425 1138 1789 1239 sociosque,
1810 1153 1869 1216 δι
1898 1145 1964 1213 in
1992 1169 2157 1238 prae-

200 1241 401 1326 sentia
423 1270 561 1316 rem
581 1242 959 1314 inclinatam
983 1238 1272 1312 sustinuit
1302 1284 1323 1317 ‚
1346 1250 1407 1312 &
1435 1237 1715 1336 spacium
1743 1242 1820 1314 ad
1839 1269 2038 1338 opem
2060 1238 2156 1311 fe-

199 1344 467 1415 rendam
492 1340 697 1413 dedit.
745 1347 981 1438 Itaque
1000 1337 1206 1408 diviso
1238 1340 1530 1411 exercitu
1551 1341 1868 1412 Camillus
1893 1388 1913 1420 ,
1948 1342 2185 1411 colle-.

201 1468 347 1540 gam
373 1488 396 1521 ‚
418 1466 564 1513 eam
586 1441 652 1512 in
673 1461 928 1535 partem
965 1437 1426 1508 circumductis
1469 1440 1675 1534 copiis
1718 1466 1912 1537 quam
1934 1435 2153 1514 hostes.

204 1540 542 1617 tenebant,
571 1539 817 1610 moenia
837 1537 1104 1635 aggredi
1126 1535 1344 1629 jubet:
1369 1560 1502 1604 non
1520 1559 1700 1607 tanta
1721 1542 1737 1607 l
1745 1564 1827 1633 pe
1845 1534 2025 1608 scalis
2047 1563 2179 1609 ca-.

205 1640 267 1735 pi
288 1639 521 1710 urbem
547 1633 749 1734 posse,
771 1662 966 1735 quam
993 1657 1061 1704 ut
1087 1632 1321 1707 aversis
1347 1659 1431 1704 eo
1450 1633 1773 1716 hostibus,
1795 1647 1857 1710 δι
1881 1639 2179 1733 oppida·.

202 1739 296 1807 nis
314 1740 448 1830 jam
479 1737 829 1835 pugnando
852 1730 1048 1812 feffis,
1068 1735 1390 1806 laxaretur
1413 1733 1700 1814 labor‚&
1724 1734 1855 1831 ipse
1878 1733 2153 1832 spatium

205 1835 489 1910 intrandi
527 1834 655 1906 sine
696 1836 1050 1905 certamine
1073 1832 1319 1902 moenia
1350 1831 1651 1904 haberet.
1682 1839 1913 1925 ‚Qod
1953 1860 2154 1931 quum

203 1932 384 2005 simul
408 1934 738 2032 utrimque
763 1928 1000 2002 saetam
1021 1928 1200 2011 effer,
1224 1927 1589 2030 ancepsque
1607 1955 1828 2008 terror.
1843 1930 2157 2007 Etruscus

205 2033 654 2105 circumstaret
679 2088 697 2114 ,
742 2041 807 2105 &
830 2035 1078 2102 rnoenia
1097 2028 1344 2102 summa
1368 2031 1430 2098 vi
1464 2033 1871 2131 oppugnari,
1901 2033 2158 2107 &intra

204 2134 454 2203 rnoenia
493 2129 620 2203 else
651 2129 908 2203 hostem
947 2129 1274 2215 viderent3
1319 2151 1506 2225 porta
1531 2126 1629 2211 se,
1668 2155 1813 2228 quae
1838 2156 1960 2203 una
1980 2128 2155 2202 forte

205 2255 339 2305 non
361 2229 817 2308 obsidebatur,
853 2228 1092 2324 trepidi
1116 2252 1247 2297 uno
1291 2229 1548 2327 agmine
1582 2232 1857 2320 ejecere.
1912 2237 2158 2329 Magna

207 2330 413 2402 caedes
438 2326 823 2428 fugientium
843 2372 864 2406 ‚
886 2336 945 2399 δι
975 2329 1040 2395 in
1061 2326 1220 2397 urbe
1245 2337 1310 2399 δε
1336 2352 1448 2421 per
1467 2348 1660 2423 agros
1681 2325 1775 2402 est
1797 2324 1982 2398 faeta.
2015 2329 2161 2423 plu-‚

207 2453 306 2501 res
331 2428 367 2497 ὲ
389 2427 676 2498 Furianis
702 2428 869 2496 intra
891 2425 1135 2497 moenia
1155 2422 1291 2494 caesi
1315 2452 1331 2492 z
1366 2425 1698 2497 Valeriani
1717 2428 2158 2521 expeditiores

205 2528 280 2596 ad
302 2525 787 2624 persequendos
811 2522 1026 2595 fuere:
1050 2546 1169 2592 nec
1188 2542 1338 2591 ante
1357 2524 1622 2593 noc‘tem
1642 2566 1662 2601 ,
1705 2550 1847 2620 quae
1887 2521 2057 2594 cons
2051 2550 2162 2619 pe·

207 2627 386 2696 &um
408 2626 674 2705 ademit,
699 2622 895 2694 finem
916 2621 1203 2693 caedendi
1223 2616 1460 2692 fecere.
1508 2621 1724 2691 Sutrio
1747 2644 2042 2718 recepto,
2063 2648 2189 2717 ref

207 2722 573 2823 stitutoque
608 2721 836 2800 sociis,
877 2727 1147 2815 Nepete
1185 2720 1509 2790 exercitus
1532 2721 1763 2790 duflus
1786 2772 1807 2803 ‚
1849 2723 2026 2821 quod
2048 2747 2162 2818 per

208 2824 617 2897 deditionem
638 2844 980 2919 acceptum
996 2824 1132 2915 jam
1153 2839 1371 2909 totum
1392 2815 1646 2892 Etrusci
1663 2817 2009 2906 habebant.
2040 2822 2156 2892 Vi·
2184 2841 2265 2888 ro

529 2922 532 2923 ⁷
813 2942 818 2949 ·
1885 2920 2162 2990 debatur

1219 3083 1449 3138 iuventute
1488 3081 1662 3144 scriptae
1687 3096 1846 3141 manus
1870 3083 2000 3146 eopia
2022 3079 2162 3131 foret.

1229 3159 1380 3215 ltaque
1395 3147 1684 3197 commodius·
1698 3152 1954 3198 scriberetur
1973 3169 1983 3196 :
2014 3152 2167 3215 quihus

280 3227 314 3270 a
339 3216 519 3285 Qibus
534 3214 1049 3282 Qinfiiuspraefueut]
1067 3216 1156 3262 Ius.
1228 3220 1528 3288 Qserw'lius
1551 3220 1793 3283 μαίων-αι.
1826 3216 1907 3265 Sed
1936 3218 2025 3265 hoc
2055 3213 2171 3264 vidit

218 3275 269 3330 fit
281 3284 474 3346 superius
494 3282 709 3329 Camillus
723 3283 1022 3349 QServilium
1036 3299 1148 3330 exer·
1228 3302 1405 3349 qunque
1436 3287 1691 3333 Glareanus.
1748 3291 1863 3335 Nam
1905 3280 2029 3347 quod
2053 3299 2167 3332 mox

218 3348 308 3397 citu
335 3351 550 3397 inllm'sso
576 3363 817 3413 paratoque
843 3352 1158 3398 inurbecassra
1233 3356 1467 3415 Qinfflus
1485 3353 1786 3412 Horatiusque
1799 3354 2101 3414 appellentur.
2118 3351 2171 3398 li-

219 3418 398 3471 lubere,
414 3418 642 3466 intentum
667 3412 756 3463 live
773 3419 958 3471 EtrurIa.
975 3416 1063 3481 sive
1081 3422 1160 3464 La·
1228 3436 1301 3467 cet
1314 3423 1525 3481 cogitare.
1541 3422 1646 3480 quia
1658 3420 1900 3478 periculum
1930 3422 2079 3466 nunus
2090 3433 2172 3464 ex-

215 3487 297 3532 tini
317 3487 589 3547 Hernicique
606 3485 649 3532 se
663 3499 926 3532 moverent:
950 3490 997 3533 L.
1010 3501 1160 3533 autern
1229 3489 1496 3546 sfnestatione
1508 3502 1620 3539 erat,
1632 3487 1783 3533 senem
1799 3487 2052 3539 servilium.
2067 3500 2178 3534 cum

219 3555 490 3620 Qinfflum
501 3566 556 3599 ex
569 3553 771 3600 causariis
788 3554 1044 3617 senibusque
1058 3555 1159 3601 scri·
1232 3558 1449 3602 exereitus
1473 3556 1567 3615 ejus
1583 3554 1783 3601 Camillo
1796 3550 1926 3600 datus
1952 3549 2058 3601 esset
2076 3586 2090 3609 ,
2116 3546 2175 3601 ad

147 3622 166 3631 “
216 3618 351 3678 bere,
377 3623 456 3686 qui
484 3619 584 3666 urbi
611 3619 924 3682 moenibusque
960 3618 1164 3682 praefidio
1231 3624 1388 3669 urbem
1415 3635 1632 3669 terentum
1657 3611 1868 3683 prafuisse
1888 3658 1900 3675 ‚
1928 3625 2002 3683 qui
2034 3622 2181 3683 strper-

219 3686 372 3737 ell'ent.
404 3694 508 3737 Hos
532 3683 745 3735 credibile
774 3700 869 3733 non
885 3687 947 3735 est
960 3684 1165 3743 eductos,
1234 3690 1549 3744 erantarmari,
1565 3687 1772 3746 urbanum
1802 3690 2068 3753 Qinc‘tium
2086 3692 2188 3736 Ho-

219 3768 361 3823 quum
385 3757 571 3806 alterins
596 3751 723 3804 haud
743 3749 880 3805 dubie
908 3769 968 3816 er.
983 3755 1174 3806 militati
1236 3759 1486 3824 ratiumque
1497 3756 1700 3818 juniore:
1711 3753 2148 3807 miabsiuvnlfcos.

244 3840 253 3854 ·
1387 3848 1390 3853 ·
2005 3828 2035 3875 b
2076 3832 2175 3876 No·

398 3118 978 3180 Gnouovtx.
