2593 4366
397 72 543 163 786
1095 63 1188 136 T.
1281 59 1345 142 L·
1394 85 1423 133 x
1474 82 1521 134 v
1566 85 1605 134 ,ι
1660 72 1700 148 ¹:

415 168 607 242 stium
646 165 940 239 exercitu
975 162 1268 260 peditum
1306 159 1745 262 quadraginta
1789 157 1998 233 millia
2033 181 2416 266 trecentos

421 267 715 365 triginta,
735 267 1031 366 equitum
1053 258 1159 334 sex
1180 261 1603 341 millia‚mille
1621 287 1731 334 car
1779 284 2092 334 entorum
2112 261 2406 368 scripse-

430 392 498 438 re
524 363 734 437 fuisse:
761 364 1006 436 scilicet
1026 388 1172 434 cum
1193 360 1497 440 Umbris,
1513 288 1907 461 Tusciquue3
1921 389 2094 462 quos
2116 375 2189 441 ἃ
2213 367 2402 467 ipsos

429 491 664 563 pugnae
680 461 943 536 affuisse.
964 473 1028 537 &
1051 485 1120 531 ut
1142 462 1608 533 Romanorum
1630 488 1901 561 quoque
1925 488 2263 564 augerent
2282 496 2405 555 cof

431 565 568 663 pias
595 615 615 646 ‚
655 570 735 635 L.
776 562 1218 638 Volumnium
1256 555 1651 659 proconsule
1688 564 1930 635 ducem
1969 563 2402 651 consulibus,

430 663 926 763 exercitumque
961 664 1103 756 ejus
1125 659 1499 760 legionibus
1533 658 1877 733 consulum
1913 664 2271 758 adjiciunt.
2316 675 2403 742 In

430 763 721 861 pluribus
746 762 1088 833 annalibus
1121 761 1401 832 duorum
1419 784 1495 830 ea
1513 756 1855 833 consulum
1879 765 2160 862 propria
2176 768 2406 840 νίἃο-

430 863 521 932 ria
537 861 656 934 est.
706 862 1111 936 Volumnius
1130 861 1195 930 in
1217 860 1485 933 Samnio
1498 861 1764 933 interim
1785 887 1889 933 res
1909 865 2117 961 gerit,
2138 868 2401 941 Samni·

429 962 731 1060 tiumque
752 962 1114 1034 exercitum
1151 961 1218 1030 in
1234 954 1593 1033 Tifernum
1617 982 1919 1034 montem
1941 965 2399 1063 compulsum,

430 1087 571 1132 non
591 1062 943 1133 deterritus
967 1061 1312 1158 iniquitate
1330 1059 1489 1141 loci,
1511 1055 1726 1132 fundit
1745 1055 2091 1162 fugatque.
2148 1069 2399 1164 QFass

430 1159 574 1232 bius
593 1163 898 1235 Deciano
914 1161 1208 1233 exercitu
1227 1160 1464 1230 relisto
1488 1159 1556 1231 in
1570 1157 1991 1241 Etruria‚suis
2009 1161 2387 1262 legionibus

430 1260 727 1334 deduffis
760 1262 838 1332 ad
877 1260 1105 1332 urbem
1129 1304 1150 1340 ‚
1188 1260 1270 1330 de
1290 1260 1510 1331 Gallis
1534 1255 1835 1332 Etruscis
1877 1274 1956 1333 'ue
1982 1263 2376 1334 acSamniti-

434 1358 557 1431 bus
575 1358 1027 1456 triumphavit.
1041 1359 1283 1450 milites
1304 1358 1824 1458 triumphantem
1864 1363 2040 1432 ecuti
2060 1360 2217 1434 sunt.
2234 1365 2377 1434 Ce-

431 1459 686 1531 lebrata
719 1460 1070 1532 inconditis
1119 1457 1517 1538 carminibus
1554 1458 1946 1531 militaribus
1986 1487 2133 1534 non
2164 1463 2375 1562 magis

431 1560 709 1631 νίἃοτίει
730 1560 1238 1659 QFabii‚quam
1261 1583 1443 1630 mors
1467 1559 1778 1657 praeclara
1801 1561 1874 1630 Ρ.
1892 1561 2088 1632 Decii
2105 1559 2204 1633 est
2221 1591 2242 1632 ι
2259 1587 2378 1634 ex-
2480 1635 2485 1640 ,

430 1660 762 1759 citataque
787 1663 1116 1731 memoria
1156 1656 1442 1757 parentis
1464 1716 1484 1742 ,
1525 1669 1820 1757 ³aequata
1838 1682 2085 1731 eventu
2107 1659 2378 1757 publico

427 1760 820 1858 privatoque
839 1759 957 1831 filii
982 1758 1304 1830 laudibus,
1355 1761 1534 1829 Data
1553 1784 1635 1829 ex
1655 1759 1876 1856 praeda
1896 1760 2222 1831 militibus
2242 1762 2382 1854 aeris

427 1860 746 1956 octogeni
766 1859 930 1942 bini,
950 1854 1230 1957 sagaque
1252 1867 1319 1933 &
1342 1857 1598 1944 tunicae;
1617 1858 1880 1955 praemia
1895 1859 2009 1930 ina
2028 1859 2389 1957 tempesta-

340 1976 495 2047 31te
517 1958 765 2027 militiae
786 1952 1701 2054 haudquaquamspernenda.
1747 1957 1871 2028 His
1908 1957 2000 2029 ita
2027 1957 2227 2030 rebus
2256 1984 2385 2060 ge·

426 2054 537 2127 stis
564 2098 586 2133 ,
624 2055 831 2125 necin
854 2054 1256 2127 Samnitibus
1275 2054 1488 2126 adhuc
1525 2081 1649 2128 nec
1687 2056 1754 2128 in
1774 2057 2031 2127 Etruria
2050 2083 2186 2153 pax
2215 2055 2395 2132 erat(

429 2179 579 2229 nam
599 2165 663 2231 δι
688 2153 1006 2229 Perusinis
1043 2154 1420 2227 autitoribus
1444 2151 1591 2254 post
1624 2153 1963 2229 d'edustum
1986 2153 2073 2225 ab
2095 2157 2386 2231 consule

427 2257 790 2328 exercitum
816 2254 1206 2327 rebellatum
1223 2250 1430 2326 fuerat
1449 2283 1467 2326 ε
1492 2266 1558 2330 &
1584 2256 1898 2330 Samnites
1916 2254 2294 2352 praeclaturn
2310 2259 2381 2329 iu

430 2382 662 2455 agrum
686 2354 1042 2427 Vescinum
1065 2354 1622 2453 Formianumque
1640 2414 1659 2440 ,
1682 2367 1746 2432 δι
1772 2376 1952 2454 parte
1972 2355 2102 2425 alia
2123 2356 2190 2427 in
2218 2372 2247 2404 ³
2270 2361 2379 2430 ΑΞ·-

428 2450 789 2537 seminum,
804 2482 946 2554 quae
968 2456 1304 2526 Vulturno
1326 2454 1626 2548 adjacent
1647 2448 1926 2538 flumini,
1945 2453 2379 2529 descendere.

434 2550 769 2627 Adversus
802 2580 921 2625 eos
964 2554 1242 2651 Appius·
1265 2554 1586 2626 Claudius
1620 2578 1864 2653 praetor
1893 2581 2045 2627 curn
2081 2557 2378 2628 exercitu

430 2653 743 2726 Deciano
777 2650 1019 2724 miffus.
1072 2652 1306 2723 Fabius
1345 2654 1412 2723 in
1448 2654 1709 2726 Etruria
1745 2655 2114 2727 rebellante
2137 2656 2378 2737 denuc,

431 2775 718 2851 quatuor
732 2755 937 2824 millia
953 2763 1017 2827 &
1039 2751 1441 2850 quingentos
1458 2754 1918 2828 Perusinorum
1936 2754 2189 2828 occidit
2210 2785 2229 2825 ε
2265 2779 2373 2826 ce-

430 2853 529 2950 pit
563 2852 643 2922 ad
681 2853 860 2924 mille
898 2850 1351 2949 septingentos
1384 2854 1855 2955 quadragintat
1900 2858 2013 2955 qui
2052 2853 2369 2949 redempti

430 2949 665 3052 singuli
698 2954 839 3024 aeris
864 2953 1177 3024 trecentis
1213 2950 1473 3022 decem.
1518 2955 1736 3050 praeda
1767 2956 1893 3027 alia
1916 2955 2121 3027 omnis
2143 2950 2372 3023 militi-

434 3050 556 3123 bus
592 3048 913 3123 conceffa.
971 3048 1358 3123 Samnitium
1390 3051 1687 3151 legiones
1726 3079 1933 3153 quum
1971 3052 2203 3153 partim
2241 3054 2300 3121 A
2363 3100 2389 3123 .

434 3151 755 3226 Claudius
776 3174 1056 3248 praetor,
1092 3150 1328 3238 partim
1346 3153 1430 3220 L.
1456 3154 1855 3225 Volumnius
1875 3147 2274 3253 proconsule
2289 3076 2407 3253 (ξῇ

984 3280 995 3292 ·
2050 3273 2390 3352 queretur;

495 3450 516 3491 ς
556 3437 770 3499 eliquata
780 3428 1370 3501 eventupublicoprimoque
1434 3440 1546 3479 cene.
1566 3433 1588 3490 J
1614 3430 1685 3478 Sic
1711 3432 1924 3496 sigonius
1935 3447 2025 3494 pro
2045 3434 2325 3494 Eseennr'nn
2338 3434 2396 3484 δι

416 3502 517 3563 filii
532 3503 741 3548 laudabu-
760 3504 780 3556 ]
799 3496 1052 3562 Legendum
1070 3534 1087 3555 ,
1102 3502 1283 3566 aquario·
1316 3502 1371 3547 Et
1431 3500 1616 3561 adjacet·
1635 3499 1815 3556 Nostri,
1832 3496 2156 3561 ‹AEftrninun
2188 3496 2396 3557 Deinde.

425 3573 673 3619 vehemens
686 3571 802 3614 ratio
815 3568 890 3614 est·
924 3571 1033 3615 Tan·
1052 3569 1200 3620 Faber.
1432 3583 1596 3632 quaque
1613 3568 1821 3617 Vulturno
1832 3569 2239 3630 adjacentflmim'
2255 3591 2273 3618 .-
2307 3565 2398 3617 five

630 3642 668 3684 G
717 3649 753 3683 a
796 3650 826 3680 o
868 3649 902 3680 N
950 3651 982 3682 ο
1022 3651 1050 3683 v
1095 3651 1112 3685 ι
1164 3649 1202 3682 x.
1431 3633 2213 3706 nulis.‹aefirniam,qurultm
2224 3640 2404 3706 adjaces

481 3719 508 3752 a
546 3705 864 3766 ‹AEfirniacum
882 3721 998 3770 ,qua
1016 3706 1224 3759 Vulturno
1234 3706 1365 3773 adju·
1421 3704 1621 3765 flumini.
2264 3770 2301 3821 b
2355 3768 2408 3822 a
