2593 4366
875 170 940 238 L
990 188 1020 236 1
1076 191 1116 239 Β
1156 194 1199 241 ε
1247 193 1296 242 R
1392 171 1486 241 Χ.
2001 194 2148 267 779

193 278 451 353 mnium
473 331 492 358 ‚
529 273 637 344 vel
671 268 740 340 in
756 267 1089 339 Etruriam
1111 265 1435 362 proficisci
1457 290 1753 365 paratum
1777 265 1906 341 effe
1926 268 2151 358 osten·-

195 375 381 452 disset
408 405 431 463 3
471 369 898 445 tantalaetitia
917 389 987 436 ac
1007 367 1363 464 gratulatio
1401 366 1561 447 fuit,
1599 391 1667 439 ut
1692 370 2156 467 praeciperetur

197 476 484 550 victoria
521 468 753 541 animis
773 513 796 548 ,
835 459 1332 562 triumphusque
1356 492 1490 552 non
1530 468 1779 540 bellum
1818 470 2155 539 decretum

202 571 589 649 consulibus
629 566 984 640 videretur.
1029 565 1307 635 Invenio
1326 567 1490 661 apud
1507 564 1822 665 quosdam
1844 623 1860 646 ,
1894 590 2153 639 extem-

198 677 318 772 plo
340 668 676 745 consulatu
692 658 860 737 inito
881 710 903 744 ‚
921 659 1263 761 profestos
1284 663 1353 733 in
1375 661 1695 738 Etruriam
1717 665 1988 749 Fabium
2010 670 2155 737 De—

200 776 535 871 ciumque,
560 767 692 839 fine
713 768 843 837 ulla
866 763 1209 836 mentione
1229 759 1421 833 sortis
1441 767 1921 860 provinciarum
1943 786 2157 838 certa-

199 873 591 968 minumque
613 868 786 938 inter
804 865 1100 963 collegas
1122 909 1143 943 ,
1164 889 1311 961 quae
1340 855 1628 959 exposui.
1686 861 1846 936 Sunt
1868 912 1888 947 ,
1912 866 2152 964 quibus

202 995 287 1042 ne
310 970 447 1041 haec
468 966 733 1067 quidem
758 968 1115 1036 certamina
1130 986 1463 1059 exponere
1479 959 1626 1033 satis
1652 958 1865 1033 fuerit.
1892 967 2155 1058 adjece-

202 1089 358 1140 runt
383 1078 448 1150 δι
476 1065 677 1165 Appii
697 1063 1189 1134 criminationes
1211 1064 1293 1133 de
1317 1061 1522 1134 Fabio
1559 1058 1823 1138 absente
1841 1064 1920 1132 ad
1941 1089 2154 1160 popu-
2188 1090 2245 1147 j..

202 1170 350 1239 lum‘
383 1213 404 1248 ‚
454 1175 521 1241 &
568 1163 992 1262 pertinaciam
1039 1156 1346 1233 adversus
1394 1157 1779 1260 praesentem
1815 1159 2151 1245 consulem

203 1266 550 1364 praetoris',
587 1263 1220 1359 contentionemque
1239 1264 1430 1334 aliam
1448 1263 1619 1333 inter
1636 1265 1973 1359 collegas}
2008 1284 2155 1332 ten·

198 1370 404 1438 dente·
424 1364 671 1441 Decio,
689 1381 759 1430 ut
781 1356 902 1433 suae
916 1357 1188 1460 quisque
1207 1362 1556 1456 provinciae
1578 1359 1821 1432 sortem
1843 1383 2157 1431 tueretur.

209 1461 541 1537 Constare
562 1485 662 1532 res
681 1460 907 1558 incipit
919 1485 1001 1531 ex
1018 1484 1105 1532 eo
1126 1480 1429 1556 tempore
1452 1505 1473 1539 ‚
1492 1485 1628 1558 quo
1646 1456 1927 1556 profefti
1953 1460 2154 1529 ambo

208 1557 614 1635 consules'ad
640 1559 890 1629 bellum
917 1553 1081 1629 sunt.
1139 1563 1477 1631 Caeterum
1498 1614 1515 1640 ,
1541 1579 1892 1655 antequam
1919 1555 2155 1628 consu-

205 1662 390 1732 lesin
414 1660 742 1730 Etruriam
767 1661 1187 1756 pervenirent
1210 1712 1226 1738 ,
1265 1666 1559 1731 Senones
1583 1660 1766 1728 Galli
1786 1657 2155 1727 multitudi-

210 1783 295 1831 ne
314 1758 569 1857 ingenti
602 1757 681 1829 ad
701 1756 996 1830 Clusium
1028 1779 1386 1842 venerunt3
1421 1759 1760 1854 legionem
1777 1747 2154 1830 Romanani

212 1855 571 1955 castraque·
591 1858 1057 1956 oppugnaturi.
1124 1856 1349 1952 Scipio
1384 1899 1411 1950 ‚⁴
1445 1859 1556 1954 qni
1598 1854 1819 1926 castris
1857 1877 2154 1954 praeerat5

210 1959 369 2028 loco
387 1957 816 2047 adjuvandam
838 1957 1230 2053 paucitatem
1256 1951 1515 2027 suorum
1533 1957 1814 2026 militum
1837 1977 2013 2026 ratus
2034 1984 2056 2045 3
2090 1955 2158 2023 in

215 2057 393 2128 colle
414 2051 526 2156 qui
545 2055 714 2127 inter
735 2054 963 2127 urbem
988 2065 1055 2132 δι
1079 2053 1286 2127 castra
1307 2078 1467 2138 erat,
1491 2056 1699 2126 aciem
1717 2058 1948 2127 erexit.
2005 2055 2158 2138 Sed,

214 2178 286 2227 ut
305 2156 461 2227 inre
476 2152 686 2226 subita
707 2201 728 2235 ,
767 2179 993 2254 parum
1027 2155 1380 2250 explorato
1412 2155 1644 2227 itinere
1664 2155 1742 2226 ad
1764 2157 1990 2254 jugum
2013 2178 2197 2250 per--

215 2257 388 2326 rexit
404 2310 424 2338 ,
452 2254 635 2352 quod
655 2254 875 2326 hostes
897 2276 1251 2350 ceperant,
1269 2276 1453 2348 parte
1477 2256 1598 2323 alia
1617 2255 1876 2352 egressi.
1892 2254 1983 2323 ita
2005 2247 2160 2321 caesa

218 2353 306 2423 ab
326 2376 523 2450 tergo
544 2354 763 2449 legio:
802 2372 1003 2447 atque
1020 2352 1341 2421 in'medio
1361 2407 1378 2433 ,
1424 2374 1624 2448 quum
1647 2350 1853 2420 hostis
1874 2351 2161 2445 undique

218 2472 485 2549 urgeret
503 2494 524 2528 ‚
550 2451 1020 2519 circumventa.
1065 2450 1383 2520 Deletam
1405 2470 1672 2545 quoque
1689 2449 1779 2516 ibi
1803 2448 2164 2546 legionem,

216 2549 311 2619 ita
331 2569 401 2619 ut
441 2548 712 2618 nuncius
754 2570 890 2615 non
907 2541 1267 2643 ¹superess'et
1288 2601 1307 2627 ,
1348 2546 1615 2644 quidam
1656 2540 1955 2618 auctores
1996 2542 2163 2616 suntz'

217 2670 344 2719 nec
366 2668 516 2717 ante
537 2646 616 2716 ad
637 2642 961 2724 consules,
984 2649 1096 2743 qui
1108 2648 1241 2740 jam
1259 2645 1429 2715 haud
1452 2647 1684 2742 procul
1703 2646 1737 2715 a
1758 2645 1988 2719 (Llulio
2010 2645 2168 2716 abe:

220 2760 370 2818 'rant
393 2792 415 2826 ‚
444 2742 683 2816 famam
721 2746 861 2834 ejus
887 2745 1090 2816 cladis
1113 2746 1432 2841 perlatam
1453 2793 1473 2826 ,
1510 2770 1703 2843 quam
1724 2746 1791 2816 iu
1810 2741 2164 2842 conspectu

227 2842 408 2918 fuere
425 2845 782 2916 Gallorum
801 2843 1055 2941 equites
1083 2868 1102 2927 ·‚
1126 2844 1504 2940 pectoribus
1523 2868 1847 2942 equorum
1868 2842 2171 2941 suspensa

224 2944 566 3046 gestantes·
580 2943 820 3039 capita,
839 2952 904 3015 δι
927 2945 1169 3021 lanceis
1189 2941 1411 3025 infixa,
1430 2941 2055 3042 ovantesquemoris
2070 2941 2160 3013 sui

221 3047 560 3141 carmine.
581 3051 748 3116 Sunt
770 3044 880 3139 qui
902 3042 1206 3141 Umbros
1219 3039 1396 3113 fuill‘e
1415 3094 1436 3126 ‚
1460 3068 1592 3138 non
1614 3045 1855 3114 Gallos
1880 3043 2161 3114 tradant:

226 3164 350 3213 nec
374 3166 627 3213 tantum
649 3144 851 3213 cladis
896 3160 1261 3239 acceptum.
1304 3154 1366 3215 δε
1409 3143 1874 3213 circumventis
1899 3139 2171 3240 pabula-

228 3238 486 3311 toribus
523 3264 672 3310 cum
719 3246 796 3310 L.
836 3245 1090 3314 Manlio
1124 3246 1485 3338 Torquato
1527 3234 1748 3339 legato
1790 3242 2164 3339 Scipionem

231 3358 708 3436 propraetorem
747 3335 1088 3410 subsidium
1131 3340 1162 3411 ὲ
1210 3342 1426 3412 castris
1462 3338 1671 3412 tulill'e
1696 3394 1714 3419 ‚
1752 3336 2163 3439 vifioresque

232 3437 559 3518 UmbrOS‚
580 3436 1020 3536 redintegrato
1041 3441 1266 3537 praelio
1285 3486 1306 3519 ‚
1330 3442 1540 3511 victos
1563 3439 1715 3513 effe:
1740 3438 2166 3539 captivosque

233 3538 328 3608 eis
351 3561 424 3606 ac
446 3534 728 3630 praedam
770 3541 1161 3635 ademptam.
1215 3539 1500 3617 Similius
1544 3542 1703 3610 vero
1737 3539 1867 3619 est,
1907 3540 2173 3619 aGallo

233 3634 424 3707 hoste
443 3634 918 3730 quam-Umbro
935 3662 1078 3708 eam
1100 3638 1354 3707 cladem
1377 3658 1739 3737 acceptam,
1760 3642 2174 3738 quod‚quum

236 3731 406 3832 saepe
434 3734 630 3825 alias,
666 3755 805 3805 tum
838 3758 922 3806 eo
952 3761 1123 3810 anno
1139 3740 1164 3823 ,‘
1195 3736 1443 3809 Gallici
1475 3740 1793 3823 tumultus
1817 3739 2175 3836 praecipuus

1963 3857 2183 3908 terror
