2593 4366
394 153 526 227 166
698 231 704 236 ,
1056 159 1153 231 ΞΓ.
1251 160 1317 232 L
1368 179 1399 229 1
1451 161 1496 231 'v
1545 177 1576 227 1
1633 182 1666 233 1
2285 238 2296 248 ‚

386 254 540 337 bus,
554 254 870 331 habitum.
887 255 1110 356 itaque
1126 280 1197 330 ut
1208 262 1385 330 bene
1405 259 1658 329 locatus
1676 252 1909 328 mansit
1929 253 1995 326 in
2020 279 2097 329 ea
2111 249 2359 329 familia

388 356 762 456 aliquandiu
783 357 1023 428 honos.
1042 360 1299 430 Bellum
1311 357 1467 430 inde
1482 359 1731 429 Veiens
1753 355 2005 427 initum:
2029 363 2095 430 &
2117 354 2356 430 Volsci

383 455 811 527 rebellarunt.
846 453 956 528 sed
991 456 1073 529 ad
1104 456 1278 528 bella
1301 479 1574 537 externa
1657 454 1819 553 rope
1842 451 2221 553 supererant
2257 459 2361 544 vif

389 578 534 625 res:
585 569 615 603 ὃ
649 555 1218 654 abutebanturque
1266 555 1344 626 iis
1385 556 1558 626 iuter
1599 481 1982 653 sitmetipsos
2011 556 2357 629 certand0.

318 715 336 744 ,
383 650 737 725 Accessere
771 655 850 725 ad
880 679 1088 755 aegras
1113 658 1243 748 jam
1262 657 1562 728 omnium
1600 673 1854 725 mentes
1876 652 2180 752 prodigia
2210 679 2359 738 εοε-

382 747 598 835 lestia,
622 753 832 850 prope
874 753 1283 853 quotidianas
1323 755 1392 825 in
1427 753 1589 826 urbe
1623 747 1919 853 agrisque
1956 750 2357 826 ostentantia

109 809 215 935 ‘x
380 850 613 921 minas.
635 854 934 952 motique
954 855 1048 924 ira
1070 854 1351 926 numinis
1369 899 1390 934 ‚
1435 849 1710 925 caussam
1734 851 1982 922 nullam
2017 851 2207 923 aliam
2232 863 2351 926 v'a-

104 947 107 950 “
133 966 293 996 ¹²³⁸·
381 967 481 1019 tes
501 951 846 1035 canebant,
866 954 1128 1051 publice
1149 953 1586 1053 privatimque
1601 975 1771 1022 nuuc
1794 951 1970 1022 extis
1992 1000 2015 1034 ,
2035 975 2205 1038 nunc
2225 976 2346 1048 per

381 1072 532 1121 aves
554 1047 879 1133 consulti,
900 1078 1098 1152 quam
1140 1051 1312 1124 haud
1341 1051 1465 1121 rite
1506 1048 1682 1122 sacra
1705 1048 1870 1123 fieri.
1902 1047 2016 1148 qui
2051 1069 2343 1136 terrores

196 1165 201 1172 “
316 1185 319 1192 ·
380 1168 607 1221 tamen
623 1149 709 1222 eo
731 1148 1021 1232 evasere,
1039 1173 1109 1223 ut
1144 1150 1372 1248 Oppia
1392 1150 1580 1250 virgo
1601 1146 1884 1223 Vestalis
1913 1150 2220 1219 damnata
2239 1149 2347 1218 in-

386 1247 540 1320 cesti
1020 1251 1094 1323 it.
1139 1255 1229 1335 Q.
1258 1248 1492 1321 Fabius
1510 1249 1706 1333 inde,
1743 1257 1809 1322 &
1849 1244 2158 1341 C.Julius
2180 1271 2348 1317 con-

96 1383 136 1445 :7
177 1379 195 1444 χ
224 1379 275 1434 ·,
412 1373 449 1417 u
480 1373 549 1418 es
602 1351 749 1420 affl.
775 1351 877 1421 Eo
900 1375 1073 1421 anno
1098 1375 1235 1420 non
1259 1345 1521 1448 segnior
1540 1346 1861 1432 discordia
1880 1345 2086 1429 domi,
2115 1354 2178 1419 δι
2202 1344 2348 1422 bel-

82 1439 121 1458 *
150 1479 157 1484 ·
222 1437 293 1513 '‘s.
380 1445 518 1517 lum
538 1443 699 1518 foris
721 1450 1006 1521 atrocius
1030 1444 1178 1521 fuit.
1231 1448 1343 1520 Ab
1359 1449 1575 1547 AEquis
1596 1472 1772 1517 arma
1793 1441 2070 1542 sumpta.
2091 1443 2353 1517 Veien-

379 1565 480 1616 tes
523 1572 751 1645 agrum
783 1573 1050 1648 quoque
1086 1552 1550 1622 Romanorum
1592 1546 1985 1643 populantes
2027 1544 2341 1620 inierunt.

238 1727 239 1730 Ἴ
433 1669 665 1716 uorum
686 1646 1014 1719 bellorum
1044 1644 1379 1730 crescente
1398 1671 1573 1727 cura,
1593 1640 1784 1731 Caeso
1813 1642 2045 1713 Fabius
2071 1687 2094 1724 a
2130 1650 2196 1717 &
2222 1648 2338 1740 Sp,

90 1733 157 1817 ,ἕ
178 1731 299 1822 7⁸3
375 1670 606 1816 aurius
640 1742 937 1817 consules
958 1744 1142 1822 fiunt.
1197 1748 1533 1818 Ortonam
1571 1744 1874 1815 Latinam
1900 1741 2131 1813 urbem
2152 1741 2341 1837 AEqui

164 1837 175 1844 ’
377 1843 875 1956 oppugnabant.
898 1837 902 1848 ⁵
929 1844 1248 1918 Veientes
1270 1831 1465 1942 spleni
1501 1846 1632 1937 jam
1668 1828 2345 1939 populationumlRo-

376 1967 551 2012 mam
571 1938 772 2039 ipsam
794 1938 860 2015 se
877 1965 1372 2044 oppugnaturos
1396 1941 1887 2014 minitabantur.
1946 1940 2099 2038 Qi
2121 1960 2344 2010 terro-

374 2064 507 2120 re5‚
526 2067 614 2139 qu
665 2067 728 2112 m
746 2039 1164 2140 compescere
1179 2042 1525 2121 deberent,
1542 2038 1780 2112 auxere
1801 2035 2059 2131 insuper
2080 2039 2335 2126 animos

372 2139 585 2235 plebis
608 2068 657 2210 3¹
652 2142 763 2212 red
842 2164 1038 2241 atque
1056 2166 1192 2212 non
1214 2138 1319 2213 sua
1339 2137 1573 2239 sponte
1595 2140 1774 2238 plebi
1797 2163 1942 2211 mos
1963 2137 2338 2217 detrestam·

373 2240 440 2308 di
480 2239 780 2311 militiam
854 2238 961 2312 sed
1007 2247 1119 2338 Sp.
1150 2242 1443 2313 Licinius
1482 2241 1778 2311 tribunus
1813 2236 2061 2338 plebis,
2092 2232 2332 2325 venisse

236 2398 260 2427 .,
371 2358 634 2435 tempus
655 2363 826 2412 ratus
849 2385 870 2420 ‚
907 2365 1022 2438 per
1042 2341 1340 2412 ultimam
1364 2339 1811 2413 necessitatem
1852 2337 2017 2436 legis
2064 2336 2332 2435 agrariae

366 2438 672 2509 Patribus
694 2438 1108 2539 injungendae
1140 2491 1159 2524 ,
1196 2435 1559 2537 susceperat
1580 2464 1719 2527 rem
1756 2437 2101 2536 militarem
2120 2438 2335 2531 impe-

372 2536 699 2609 diendam.
750 2543 1085 2612 Caetcrum
1132 2560 1275 2609 tota
1306 2539 1545 2609 invidia
1592 2537 1951 2617 tribuniciae
1990 2532 2334 2632 potestatis

370 2633 547 2706 versa
562 2639 630 2707 in
654 2640 988 2709 auftorem
1008 2637 1127 2718 est,
1149 2638 1349 2713 necin
1367 2663 1516 2708 eum
1544 2634 1843 2708 consules
1874 2635 2105 2717 acrius,
2128 2659 2330 2732 quam

367 2732 562 2829 ipsius
584 2739 723 2828 ejus
744 2739 1019 2836 collega:
1039 2739 1255 2808 coorti
1278 2734 1445 2807 sunt.
1490 2737 1863 2833 auxilioque
1886 2759 2118 2805 eorum
2143 2734 2331 2805 dele-

370 2836 549 2902 &um
591 2835 890 2907 consules
928 2836 1195 2907 habent.
1247 2838 1357 2908 Ad
1389 2838 1522 2907 duo
1563 2833 1746 2905 fimul
1792 2832 1967 2903 bella
1998 2831 2324 2905 exercitus

366 2929 688 3004 scribitur.
709 2935 1041 3006 ducendus
1067 2934 1272 3006 Fabio
1292 2936 1359 3005 in
1382 2939 1621 3032 AEquos
1641 2989 1658 3015 ,
1696 2934 1762 3001 in
1782 2931 2103 3029 Veientes
2127 2929 2323 3005 Furio

362 3031 576 3103 datur.
626 3033 800 3105 Etin
818 3034 1216 3106 Veientibus
1238 3035 1503 3131 quidem
1537 3031 1981 3129 nihildignum
2004 3030 2329 3101 memoria

361 3130 616 3229 gestum
637 3130 754 3206 est.
809 3132 1013 3203 Fabio
1033 3134 1370 3230 aliquanto
1409 3134 1550 3230 plus
1575 3132 1827 3230 negotii
1858 3153 2007 3199 cum
2045 3128 2325 3210 civibuS,

362 3257 558 3329 quam
574 3258 723 3304 cum
739 3230 1036 3304 hostibus
1052 3228 1237 3310 fuit.b
1249 3260 1411 3305 unus
1427 3233 1540 3303 ille
1557 3255 1651 3302 vir
1667 3225 1800 3327 ipse
1818 3224 2042 3299 consul
2061 3252 2329 3395 rielmpu-

2000 3342 2007 3355 '
2151 3353 2319 3399 icam

1439 3427 1469 3476 b
1502 3437 1616 3479 Vnus
1627 3428 1702 3477 {He
1726 3429 1798 3475 vir
1814 3462 1830 3482 ,
1856 3424 2099 3493 n‘pficonficl
2114 3459 2126 3479 .
2152 3441 2323 3492 rempu-

1367 3499 1562 3559 blicam]
1582 3495 1802 3545 Sicinfra:
1827 3504 1939 3545 Vnus
1956 3493 2188 3542 &Patribus
2205 3528 2217 3549 ‚
2232 3495 2320 3560 ipsi

424 3579 451 3612 a
483 3566 776 3614 Aburebanm
795 3569 868 3615 iis.
889 3574 909 3629 J
938 3568 1025 3614 Hic
1039 3565 1154 3613 male
1180 3558 1299 3613 dele·
1372 3569 1527 3632 Appius
1558 3562 1756 3616 claudiae
1772 3599 1785 3620 ,
1815 3566 1870 3612 ό·
1884 3564 2069 3629 tribunos
2087 3562 2316 3631 &plebeus

355 3646 515 3679 verunt
539 3634 811 3694 particulam.
846 3633 1023 3683 Scribe:
1054 3634 1296 3681 abactam·
1370 3638 1421 3681 θ
1452 3633 1583 3694 suum
1611 3634 1834 3695 judicium
1855 3648 1929 3696 pro
1953 3631 2091 3678 mhilo
2116 3631 2312 3679 hahebat.

350 3712 502 3767 turque
513 3703 696 3749 iisinrer
708 3703 841 3759 fimet
867 3706 884 3747 i
902 3703 948 3763 fi
953 3703 1163 3749 certando.
1202 3704 1293 3748 Ha·
1373 3700 1464 3746 Lib.
1496 3705 1538 3748 8.
1587 3704 1775 3747 ’ramum
1801 3711 2006 3746 momenta
2030 3699 2077 3743 in
2102 3714 2181 3744 uno
2199 3701 2316 3758 viro,

347 3766 652 3821 bcnreuiru&
664 3764 856 3820 Mol-sce
889 3767 1098 3818 domnas
1110 3781 1296 3817 veteres.
1364 3769 1745 3837 L.Paepirio,suis.
1775 3767 2043 3832 ltaqucsatis
2062 3762 2190 3839 feto!
2220 3777 2307 3827 nec

2249 3829 2313 3902 ,ὼ

565 3451 1085 3503 Gnouovrr.
