2593 4366
738 218 743 221 ᾗ
916 118 1009 196 --L
1046 140 1161 196 rs
1206 143 1350 198 ε-ιι
1442 115 1580 198 IX.
2061 144 2214 223 ⁴731

247 212 844 322 ,neraobsepserant
857 219 1116 296 bostest
1134 219 1459 322 saltusque
1479 220 1751 321 pervios
1768 243 2081 323 ceperant
2101 256 2217 310 ,ne

254 351 398 429 qua
416 321 689 398 subvehi
706 342 1121 396 commeatus
1107 320 1410 491 ¹posl'entt
1433 347 1652 424 neque
1672 348 1792 396 eos
1814 351 2017 426 quum
2037 353 2217 428 quo-

262 428 429 500 tidie
451 422 633 523 figna
648 425 717 496 in
739 422 950 496 aciem
972 445 1104 495 con
1136 422 1200 493 ul
1235 419 1566 519 proferret
1584 468 1608 507 ,
1640 425 1883 497 elicere
1904 427 1985 499 ad
1998 429 2219 502 certa-

248 551 424 600 <men
441 545 727 622 poterat.
747 520 1027 624 satisque
1043 521 1406 622 apparebat
1432 547 1646 624 neque
1677 524 2036 599 Samnitem
2066 553 2216 604 cer-

262 645 492 708 tamen
506 620 784 723 praesens
802 665 827 707 2
860 649 983 708 nec
999 624 1384 696 Romanum
1420 622 1806 700 dilationem
1847 623 2010 697 belli
2041 626 2216 710 latu!-

254 749 443 798 1rum.
484 724 838 797 Adventus
857 722 1092 798 Mar-cii
1116 761 1139 804 ,
1176 722 1292 822 qui
1305 721 1615 795 Hernicis
1633 720 1910 797 subustis
1928 746 2217 808 matura-

259 823 363 896 vit
397 824 677 922 collegae
718 823 941 896 venire
976 822 1221 893 auxilio
1260 875 1281 906 ‚
1336 845 1596 895 moram
1630 825 2003 898 certaminis
2040 824 2216 906 hosti

252 922 541 999 exemit.
578 949 727 996 nam
746 967 769 1006 ‚
801 944 874 995 ut
911 921 1026 1020 qui
1053 946 1137 995 ne
1168 922 1358 994 alteri
1390 922 1662 1022 quidem
1683 925 2007 996 »exercitui
2038 921 2104 998 se
2131 928 2215 1010 ad

258 1045 600 1099 certamen
623 1017 1036 1097 credidissent
1054 1047 1242 1119 pares
1264 1067 1286 1103 ,
1304 1023 1623 1122 conjungi
1638 1023 1864 1121 utique
1883 1022 2041 1120 paffi
2050 1028 2216 1107 duos

252 1119 645 1197 consulares
665 1124 1019 1203 exercitus,
1036 1121 1198 1194 nihil
1214 1123 1564 1196 crederent
1584 1118 1652 1194 su
1661 1118 1908 1219 pereffe
1925 1119 2081 1220 spei3
2102 1127 2220 1204 ad„

245 1225 645 1298 „venientem
668 1219 1115 1319 incomposito
1158 1223 1421 1321 agmine
1458 1222 1784 1298 Marcium
1823 1223 2218 1322 aggrediun‘e

253 1343 388 1397 tur.
441 1322 716 1420 Raptim
733 1322 994 1406 collatae
1011 1318 1272 1394 sarcinae
1289 1323 1357 1394 in
1383 1322 1712 1393 medium:
1737 1330 1802 1395 δι
1823 1342 2021 1419 prout
2041 1343 2217 1400 tema-

254 1448 382 1520 pus
401 1422 797 1519 patiebatur,
819 1420 1131 1494 instructa
1145 1423 1344 1493 acies.
1393 1422 1673 1493 Clamor
1693 1421 1977 1518 primum
2001 1423 2067 1493 in
2087 1420 2217 1495 sta·

253 1523 393 1593 tiva
406 1522 707 1618 ‘perlatus
730 1577 748 1604 ,
767 1522 1005 1595 deinde
1020 1518 1413 1618 conspetfitus
1434 1521 1664 1617 procul
1687 1521 1901 1617 pulvis
1923 1571 1947 1605 ‚
1970 1524 2220 1594 tumul-

252 1643 403 1692 tum
444 1621 614 1717 apud
646 1620 922 1692 alterum
944 1616 1280 1693 consulem
1305 1622 1372 1691 in
1391 1617 1616 1691 castris
1641 1614 1822 1691 fecit.
1851 1616 2033 1719 isque
2048 1643 2219 1695 con-

249 1714 481 1801 festim
522 1743 701 1791 arma
721 1744 958 1817 capere
991 1716 1169 1810 juffis
1195 1770 1217 1804 ‚
1254 1718 1629 1817 raptimque
1646 1719 1898 1800 eduffis
1917 1721 1983 1791 in
2002 1722 2214 1796 aciem

248 1818 581 1904 militibus
608 1864 631 1899 ,
651 1814 1079 1892 transversam
1101 1818 1386 1892 hostium
1406 1819 1614 1890 aciem
1629 1859 1658 1902 ι,
1695 1839 1897 1917 atque
1918 1819 2049 1890 alio
2071 1839 2210 1900 cer-2

245 1920 506 1991 tamine
524 1941 938 2016 occupatam,
958 1919 1209 1992 invadit
1229 1948 1246 1987 ε
1265 1920 1610 1990 clamitans
1619 1916 2214 2014 summamflagirdnm

235 2016 373 2112 fore
389 2074 410 2101 ,
430 2017 485 2116 fi
503 2020 752 2089 alterum
768 2021 1084 2090 exercitum
1100 2015 1396 2113 utriusque
1411 2020 1647 2089 vetraria
1666 2036 1970 2109 compotem
1964 2022 2216 2115 sinerent

239 2118 405 2216 fieri,
424 2140 531 2191 nec
550 2116 795 2215 adftsm'
811 2120 936 2192 beni
954 2118 1316 2193 vindicarem
1333 2118 1511 2199 decus.
1567 2119 1724 2210 Qa
1744 2121 2067 2215 impetum
2091 2121 2214 2192 de-0*

246 2222 471 2300 derat,
499 2219 903 2315 perrumpit:
935 2220 1153 2290 ‘aciem
1210 2242 1290 2288 ue
1312 2242 1430 2310 per
1467 2218 1753 2289 mediam
1772 2218 1838 2287 in
1856 2218 2064 2288 castra
2079 2218 2211 2295 ho,

239 2317 444 2392 stium
464 2316 681 2389 tendit
706 2366 727 2395 ‚
762 2328 829 2390 δι
853 2339 1053 2387 vacua
1072 2245 1528 2393 deilensoribus
1559 2316 1736 2411 capit
1766 2337 1964 2411 atque
1980 2316 2213 2387 incen—
2283 2358 2321 2404 *-

240 2418 371 2489 dit.
432 2420 626 2511 Qae
648 2412 758 2483 ubi
772 2414 1116 2511 flagrantia
1134 2414 1511 2487 Marcianus
1533 2414 1722 2484 miles
1738 2410 2082 2509 conspexit
2096 2459 2117 2494 ‚
2135 2425 2207 2490 δε
2231 2420 2232 2423 ’

238 2513 481 2588 hostes
528 2510 866 2608 respexere
890 2558 913 2593 ,
949 2532 1090 2583 tum
1111 2509 1335 2607 passim
1369 2507 1525 2608 fuga
1556 2532 1786 2606 coepta
1820 2513 2210 2585 Samnitium

238 2613 420 2687 fieri.
438 2610 549 2685 sed
571 2612 796 2681 omnia
812 2609 1074 2687 obtinet
1092 2611 1301 2682 caedes
1322 2635 1341 2679 ε
1378 2630 1501 2680 nec
1523 2607 1594 2679 in
1614 2611 1813 2691 ullam
1833 2632 2087 2707 partem
2103 2633 2213 2696 tuq

240 2736 394 2785 tum
420 2705 792 2810 perfugium
818 2709 935 2782 est.
983 2706 1132 2805 Jam
1169 2708 1437 2810 triginta
1458 2708 1746 2780 millibus
1772 2706 2056 2783 hostium
2080 2737 2209 2785 cae-

238 2813 350 2893 fis,
372 2809 635 2913 signum
652 2808 948 2907 receptui
969 2803 1265 2881 consules
1284 2809 1601 2880 dederant
1620 2852 1643 2886 ‚
1665 2809 2201 2911 colligebantque

235 2916 541 2986 inunum
579 2910 801 3008 copias
821 2958 840 2989 ‚
871 2908 1155 2983 invicem
1194 2909 1369 2979 inter
1386 2903 1451 2980 se
1467 2910 2074 3008 gratanteszssquum
2097 2937 2209 2985 re·

236 3035 450 3114 pente
463 3007 619 3084 visae
638 3011 868 3108 procul
888 3007 1173 3080 hostium
1200 3029 1391 3080 novae
1413 2998 1728 3079 cohortes
1748 3057 1770 3091 ,
1806 3009 2031 3105 quaein
2053 3007 2206 3115 sup-

237 3117 666 3209 plementum
686 3107 938 3207 scriptae
956 3104 1656 3207 fuerant.integravere
1677 3107 2018 3179 caedem.in
2041 3134 2210 3209 quaa
2296 3116 2301 3120 ’

240 3235 375 3284 nec
395 3206 565 3304 juss'u
588 3206 954 3288 consulum,
972 3233 1092 3281 nec
1116 3208 1301 3306 figno
1325 3227 1604 3304 accepto
1619 3207 1905 3279 vifiores
1928 3210 2208 3303 vaduntg

241 3312 435 3387 malo
456 3308 775 3378 tirocinio
788 3307 1213 3381 imbuendum
1228 3307 1618 3388 Samnitem,
1635 3308 2075 3378 clamitantes.
2088 3314 2212 3385 ἱππ-ζ

237 3413 538 3510 dulgent
554 3403 876 3479 Consules
899 3409 959 3480 le
1008 3408 1234 3480 ionum
1258 3406 1577 3485 ardori‚ut
1595 3406 1706 3505 qui
1728 3406 1938 3503 probe
1959 3400 2214 3479 scirent⁴

242 3533 512 3587 novum
546 3505 825 3575 militem
865 3435 1151 3578 hofiium
1178 3505 1354 3576 inter
1391 3502 1722 3602 perculsos
1756 3502 1908 3607 fuga
1944 3526 2201 3578 vetera·

239 3636 403 3690 nos.
424 3632 510 3679 ne
534 3603 857 3675 tentando
870 3607 1135 3703 quidem
1158 3600 1306 3674 satis
1330 3605 1670 3675 certamini
1691 3600 1861 3678 fore.
1910 3610 2059 3677 Nec
2077 3630 2197 3679 eos

234 3709 487 3811 opinio
507 3697 777 3779 fefellit.
810 3728 1043 3778 omnes
1062 3703 1449 3779 Samnitium
1471 3704 1678 3803 copiae
1707 3728 1962 3777 veteres
1981 3729 2208 3777 novae·

2036 3787 2223 3904 ques
