2593 4366
913 117 976 190 L·
1032 137 1062 187 r
1119 144 1157 191 B
1208 141 1248 192 ε
1296 140 1347 193 n
1438 123 1474 192 Ι
1493 123 1582 196 V.
2079 146 2218 220 327

238 225 382 296 ian
409 217 581 293 fallis
598 213 980 289 criminibus
1002 217 1033 288 Ξι
1059 220 1357 291 Minucio
1377 220 1898 293 circumventum
1923 225 2216 296 Maelium

238 316 558 422 agnem,
580 318 862 390 Servilio
877 318 1122 389 caedem
1144 319 1304 390 civis
1323 319 1680 392 indemnati
1697 322 2041 412 objiciens:
2071 351 2215 421 quat

246 422 525 493 vaniora
562 417 643 486 ad
668 419 984 513 populum
1019 413 1159 512 ipso
1179 420 1445 489 auctore
1471 418 1669 490 fuere.
1722 429 2054 492 Caeterum
2078 449 2218 493 ma-

253 520 360 619 gis
389 519 490 588 vis
518 516 733 586 morbi
775 513 1230 613 ingravescens
1269 543 1437 588 curat
1470 542 1607 590 erat
1628 564 1651 597 ‚
1691 518 2107 618 terroresque
2140 547 2215 594 ac

261 616 601 715 prodigia:
639 616 922 686 maxime
944 615 1123 714 quod
1142 615 1391 687 crebris
1416 617 1703 688 motibus
1727 643 1914 692 terra:
1951 621 2218 692 ruerein

258 716 444 815 agris
469 715 937 784 nunciabantur
954 717 1142 786 tecta.
1204 711 1605 786 Obsecratio
1641 717 1855 816 itaque
1892 719 1927 789 ὲ
1963 722 2216 816 populo

264 813 626 886 duumviris
646 814 1080 910 pra-euntibus
1105 814 1197 885 est
1222 811 1414 884 facia.
1464 814 1884 887 Pestilentior
1916 818 2065 889 inde
2103 844 2222 889 an-

260 939 391 985 nus
411 917 486 986 C.
509 914 685 1007 Julio
702 912 966 996 iterum,
984 923 1048 988 &
1078 912 1477 1010 L.Virginio
1497 913 1893 997 consulibm,
1917 929 1937 957 ²
1959 939 2215 990 tantum

264 1034 516 1085 metum
548 1009 862 1083 vastitatis
895 1013 960 1081 in
979 1013 1139 1083 urbe
1173 1010 1473 1112 agrisque
1501 1010 1657 1085 fecit
1681 1061 1702 1094 ,
1739 1036 1808 1084 ut
1850 1040 1982 1084 non
2014 1019 2217 1088 modo

319 1111 597 1182 raedandi
618 1107 826 1181 caufl'a
848 1108 1183 1210 quisquam
1203 1139 1283 1184 ex
1307 1137 1468 1210 agro
1486 1116 1801 1184 Romano
1823 1138 1958 1183 non
1981 1115 2216 1193 exiret,

355 1207 511 1281 lliv“e
532 1204 856 1281 inferendi
878 1212 1194 1281 memoria
1214 1212 1510 1284 Patribus
1551 1235 1657 1282 aut
1679 1213 1856 1311 plebi
1875 1208 2070 1299 elset3
2108 1210 2218 1285 sed

260 1311 443 1380 ultro
467 1309 838 1388 Fidenates,
857 1310 970 1409 qui
993 1305 1053 1380 se
1070 1312 1283 1406 primo
1306 1333 1412 1381 aut
1431 1312 1705 1408 oppido,
1725 1334 1832 1382 aut
1853 1312 2220 1395 montibus,

259 1431 371 1480 aut
427 1409 632 1480 muris
682 1428 1025 1479 tenuerant
1044 1454 1067 1487 ‚
1127 1409 1575 1506 populabundi
1628 1407 2099 1489 descenderent
2151 1412 2220 1483 in

261 1533 493 1608 agrum
516 1511 922 1580 Romanum.
973 1509 1207 1580 deinde
1246 1509 1629 1581 Veientium
1668 1511 1960 1581 exercitu
2004 1510 2220 1580 accito

264 1612 456 1701 (nam
489 1607 716 1678 Falisci
742 1607 1018 1703 perpelli
1050 1608 1128 1677 ad
1159 1606 1639 1679 instaurandum
1672 1607 1919 1679 bellum
1943 1653 1965 1687 ‚
2002 1631 2218 1707 neque
2249 1675 2265 1686 ,

263 1707 454 1778 clade
483 1709 941 1778 Romanorum
960 1751 980 1785 ‚
1013 1731 1227 1804 neque
1246 1705 1572 1778 sociorum
1593 1706 1890 1803 precibus
1910 1719 2218 1804 potuere)

260 1806 397 1876 duo
418 1807 649 1902 populi
671 1803 980 1890 tranlidre
1000 1809 1325 1877 Anienem
1345 1835 1368 1891 ς
1391 1827 1584 1905 atque
1604 1807 1771 1878 haud
1797 1809 2026 1904 procul
2050 1808 2221 1879 col-

262 1904 397 1975 lina
433 1925 626 2001 porta
664 1903 842 2002 ligna
883 1902 1190 1985 habuere.
1236 1907 1672 2002 Trepidatum
1710 1908 1932 2004 itaque
1971 1931 2107 1976 non
2145 1905 2213 1976 in

254 2004 432 2101 agris
453 2003 680 2101 magis,
707 2028 902 2100 quam
925 2004 991 2073 in
1013 2004 1174 2076 urbe
1190 2003 1312 2076 est.
1368 2005 1570 2096 Julius
1611 2002 1836 2074 consul
1870 2005 1936 2074 in
1970 2029 2214 2104 aggere

258 2097 591 2202 murisque
626 2104 914 2199 explicat
945 2103 1195 2198 copias.
1229 2103 1266 2172 ὃ,
1321 2104 1628 2203 Virginio
1677 2100 1929 2173 senatus
1965 2105 2032 2172 in
2073 2103 2212 2174 aede

254 2203 528 2293 Qirini
543 2198 918 2274 consulitur.
960 2211 990 2250 '³
1019 2203 1583 2275 Dictatoremdici
1602 2204 2050 2275 A.Servilium
2074 2204 2219 2306 pla-

262 2325 391 2373 cet:
411 2303 515 2372 cui
537 2297 754 2374 Prisco
773 2302 905 2381 alii,
928 2301 1033 2370 alii
1052 2304 1314 2373 Structo
1331 2297 1506 2372 fuiss‘e
1526 2326 1906 2399 cognomen
1926 2301 2212 2371 tradunt.

261 2400 602 2499 Virginius
625 2400 780 2469 dum
798 2402 1124 2497 collegam
1147 2396 1512 2471 consuleret
1535 2445 1555 2477 ‚
1579 2421 1866 2470 moratus
1888 2429 1908 2484 3
1946 2400 2221 2496 permit-

257 2520 444 2571 tente
462 2524 573 2584 e0,
589 2499 787 2568 nofflte
805 2500 1195 2568 dictatorern
1219 2498 1405 2569 dixit.
1426 2498 1479 2566 is
1504 2496 1619 2567 sibi
1635 2498 2007 2595 magistrum
2026 2497 2218 2597 equi-

258 2620 401 2669 tum
420 2598 801 2671 Postumum
817 2598 1141 2668 AEbutium
1159 2598 1389 2668 Eluam
1408 2596 1590 2667 dicit.
1639 2597 1948 2667 Dictator
1978 2621 2211 2666 omnes
2233 2631 2266 2677 2
2276 2628 2318 2682 2.

254 2699 402 2769 luce
420 2699 630 2795 prima
645 2717 829 2767 extra
849 2719 1109 2792 portam
1133 2696 1472 2768 Collinam
1496 2691 1702 2766 adesse
1726 2695 1927 2785 jubet.
1950 2692 2215 2791 quibus-

256 2822 519 2893 cunque
538 2798 708 2866 vires
735 2790 1164 2891 suppetebant
1188 2795 1266 2865 ad
1289 2819 1469 2864 arma
1496 2791 1679 2865 feren
1695 2796 1796 2871 da,
1813 2795 2053 2890 praesto
2070 2788 2214 2864 fue-

251 2922 365 2968 re:
413 2895 589 2993 ligna
624 2920 703 2966 ex
735 2895 960 2964 aerario
999 2916 1310 2991 prompta
1357 2890 1648 2964 feruntur
1682 2892 1761 2963 ad
1793 2895 2213 2963 dictatorem.

256 3000 447 3092 Qae
470 2987 675 3091 quum
696 3016 1065 3092 agerentur,
1087 2993 1302 3064 hostes
1324 2992 1387 3061 in
1405 2994 1550 3062 loca
1570 2992 1799 3061 altiora
1818 2987 2214 3062 concessere.

255 3118 344 3165 eo
368 3094 651 3164 dictator
671 3092 930 3189 agmine
961 3088 1197 3162 infesto
1220 3091 1429 3162 subit:
1467 3117 1587 3162 nec
1611 3093 1841 3187 procul
1866 3095 2216 3179 Numento

254 3193 453 3290 lignis
477 3192 736 3262 collatis
758 3186 924 3259 fudit
949 3187 1246 3261 Etruscas
1272 3192 1589 3288 legiones.
1636 3190 1956 3285 compulit
1975 3187 2126 3257 inde
2148 3187 2217 3255 in

254 3292 488 3363 urbem
513 3292 807 3371 Fidenas,
836 3291 1138 3388 valloque
1161 3289 1617 3362 circumdedit.
1667 3289 1794 3361 Sed
1837 3311 2051 3383 neque
2083 3282 2220 3356 sca·
2307 3284 2314 3291 ’

250 3517 416 3568 nenda,
430 3514 612 3564 dicitur.
626 3519 777 3579 itaque
791 3516 886 3562 hac
898 3519 1100 3581 μείω-ις
1116 3514 1198 3562 mi-
1343 3529 1366 3570 3
1395 3513 1659 3563 Dictaeum
1674 3511 2217 3574 dici.a.servflim.]nic

253 3583 382 3633 :ilice
393 3577 649 3645 αὐξηῖαή.
668 3590 828 3650 Tanaq.
846 3586 994 3631 faber.
1269 3582 1317 3626 in
1334 3576 1522 3627 secunda
1532 3576 1748 3625 dictamni
1767 3613 1782 3631 ,
1802 3593 1936 3640 quam
1951 3581 2066 3642 cepit
2089 3594 2214 3629 atino

327 3668 354 3697 ι
387 3657 577 3700 Tantum
593 3667 756 3700 metum
784 3650 1045 3713 vastantia]
1082 3645 1202 3699 Istud
1269 3662 1485 3693 cccxxxv.
1501 3651 1550 3695 δε
1565 3643 1682 3705 apud
1700 3648 1947 3700 uvillan&
1963 3649 2009 3694 in
2023 3652 2214 3711 Capito.

252 3732 424 3775 netum
437 3721 632 3787 expungi
643 3715 796 3772 debet.
834 3725 862 3770 1
865 3719 980 3771 dem.
1269 3714 1372 3767 linis
1388 3714 1639 3781 :abalim-Q
1649 3720 1728 3764 ser
1735 3715 1866 3765 vitius
1878 3711 2232 3781 dicitur-Sigon„

1540 3776 1585 3829 X
1613 3798 1642 3840 4
2045 3798 2078 3843 4
2115 3793 2217 3833 Cen·
