2593 4366
432 78 520 139 εἰ
1060 61 1156 137 Τ.
1248 62 1313 133 L
1368 80 1400 131 1
1453 85 1501 136 v
1554 82 1593 132 11
1645 81 1678 132 r

369 76 729 265 iinaginem
749 150 1056 236 Furculas
1075 160 1413 235 Caudinas
1451 156 1938 235 memorabant.
1971 157 2219 235 eadem
2245 177 2361 235 te*

383 268 686 341 meritare
721 261 983 335 avidam
1020 261 1412 335 ulteriorum
1448 257 1708 361 semper
1745 283 2016 359 gentem
2043 261 2115 332 in
2155 258 2356 334 saltus

384 365 602 439 invios
641 363 1036 449 dedu6hm3
1073 356 1333 461 septam
1365 386 1501 433 non
1538 360 1826 435 hostium
1868 360 2083 460 magis
2128 364 2362 446 armis,

385 479 587 564 quam
610 466 913 535 locorum
926 459 1384 559 iniquitatibus
1403 457 1557 533 effe.
1615 465 1758 554 Jam
1774 460 2089 559 gaudium
2109 462 2364 534 invidia

385 564 683 665 quadam
715 558 1146 637 miscebatur:
1186 564 1370 661 quod
1412 561 1574 635 belli
1594 562 1892 634 Romani
1909 560 2118 633 decus
2139 559 2233 632 ab
2249 567 2364 634 Sa·

386 663 702 736 mnitibus
746 658 1013 733 fortuna
1043 661 1125 735 ad
1159 656 1470 734 Etruscos
1507 655 1857 732 avertisset.
1897 660 2133 759 itaque
2162 661 2366 732 armis

386 758 669 861 virisque
688 762 768 835 ad
786 760 1244 834 obterendum
1265 762 1357 834 C.
1377 760 1694 835 Marcium
1710 754 2056 831 consulem
2080 784 2371 833 concur-

387 881 577 934 runtt
616 862 918 960 protinus
949 862 1104 936 inde
1138 860 1481 935 Etruriam
1516 883 1635 959 per
1668 853 1926 932 Marsos
1956 884 2036 930 ac
2077 859 2367 932 Sabinos

376 960 700 1133 -gtiturb,
736 960 785 1034 si
823 964 1110 1036 Marcius
1143 959 1509 1034 dimicandi
1531 956 1927 1058 potestatem
1957 983 2104 1031 non
2144 954 2373 1034 facian

469 1058 660 1134 bvius
679 1061 757 1134 iis
772 1056 999 1133 consul
1018 1058 1550 1133 fuit.dimicatum
1572 1059 1802 1159 praelio
1818 1059 2166 1157 utrimque
2184 1081 2366 1133 atro·

390 1159 497 1238 ci,
532 1182 733 1260 atque
761 1161 1017 1232 incerto
1049 1181 1296 1234 eventu
1340 1158 1485 1231 est:
1527 1169 1593 1235 δι
1637 1182 2132 1259 quumanceps
2159 1162 2363 1232 (πόα

392 1255 605 1333 fuisset
628 1308 652 1342 ,
687 1256 966 1333 adversae
985 1282 1210 1332 tamen
1230 1259 1327 1332 rei
1346 1255 1609 1332 famain
1628 1260 1983 1335 Romanos
2005 1259 2245 1340 vertit,
2267 1259 2363 1329 ob

393 1353 653 1432 amissos
691 1355 1009 1460 quosdam
1049 1358 1374 1460 equestris
1399 1357 1649 1430 ordinis
1672 1404 1693 1440 ,
1726 1356 2156 1460 tribunosque
2180 1359 2360 1429 mili-

394 1480 582 1540 tum,
621 1481 819 1561 atque
834 1486 1031 1531 unum
1053 1461 1388 1560 legatum,
1428 1468 1493 1534 &
1532 1457 1767 1556 (quod
1784 1456 2034 1559 insigne
2073 1457 2351 1531 maxime

398 1554 571 1728 fuit?
608 1557 893 1632 consulis
927 1558 1122 1658 ipsius
1142 1562 1401 1634 vulnus.
1452 1556 1575 1631 Ob
1594 1556 1730 1630 haec
1752 1558 1954 1630 etiam
1970 1560 2166 1630 ιιιᾶα
2189 1553 2352 1630 fama

399 1670 509 1743 (ut
549 1659 691 1729 olet
711 1670 735 1742 )
775 1660 1008 1760 ingens
1026 1680 1244 1733 terror
1262 1667 1489 1734 Patres
1514 1655 1743 1730 invasit
1765 1684 1785 1729 z
1818 1656 2352 1758 di&atoremque

394 1756 528 1828 dici
561 1757 905 1853 placebat:
947 1784 1071 1832 nec
1093 1760 1252 1857 quin
1287 1753 1538 1831 Cursor
1568 1756 1863 1856 Papirius
1877 1758 2250 1841 diceretur,
2287 1757 2353 1827 in

393 1875 534 1951 quo
562 1876 703 1925 tum
737 1853 987 1928 summa
1015 1858 1112 1928 rei
1139 1857 1395 1929 bellicae
1436 1856 1806 1953 ponebatur
1841 1907 1866 1943 ‚
1900 1857 2179 1929 dubium
2212 1856 2351 1928 cui-

391 1975 593 2049 quam
611 1975 772 2023 erat:
781 1951 887 2026 sed
907 1955 1116 2026 necin
1136 1956 1473 2028 Samnium
1494 1958 1803 2028 nuncium
1819 1951 2347 2053 perferri,omni·

397 2049 518 2121 bus
533 2046 785 2122 infestis
807 2107 825 2137 ,
847 2074 998 2124 tuto
1022 2050 1241 2152 posset
1274 2079 1395 2127 nec
1417 2055 1642 2129 vivere
1662 2056 1989 2130 Marcium
2010 2052 2347 2128 consulem

396 2148 549 2224 satis
586 2148 900 2226 fidebant.
970 2155 1169 2228 Alter
1204 2149 1431 2228 consul
1460 2154 1694 2227 Fabius
1725 2149 2004 2229 infestus
2046 2156 2349 2256 privatim

336 2301 339 2306 »
398 2252 663 2350 Papirio
684 2276 860 2325 erata
896 2279 1040 2352 quae
1062 2254 1255 2327 neira
1286 2254 1581 2327 obstaret
1606 2254 1791 2326 bono
1808 2254 2121 2353 publico,
2151 2257 2338 2355 lega-

399 2372 509 2423 tos
523 2377 606 2424 ex
629 2348 1068 2426 consularium
1092 2380 1375 2428 numero
1408 2354 1773 2428 mittendos
1807 2354 1887 2426 ad
1920 2379 2072 2427 eum
2093 2352 2346 2426 senatus

400 2446 648 2530 censuit
669 2482 687 2523 ε
712 2453 826 2552 qui
848 2448 953 2524 sua
970 2479 1240 2554 quoque
1255 2480 1435 2535 eum,
1453 2478 1589 2525 non
1610 2453 1870 2552 publica
1890 2451 2107 2528 solum
2130 2455 2359 2526 austo-

397 2549 594 2622 ritate
611 2596 634 2630 ‚
669 2575 1020 2624 monerent
1041 2599 1060 2633 ‚
1088 2577 1159 2625 ut
1181 2554 1568 2626 memoriam
1590 2554 1989 2626 simultatum
2009 2556 2237 2652 patriae
2255 2578 2357 2626 re-

403 2649 725 2721 mitteret.
777 2648 1069 2724 Profeffl
1087 2654 1292 2752 legati
1331 2654 1411 2724 ad
1430 2653 1701 2724 Fabium
1722 2649 2061 2726 consulem
2085 2707 2109 2740 ,
2149 2679 2359 2755 quum

400 2742 1028 2823 senatusconsultum
1059 2747 1463 2824 tradidissent
1504 2803 1527 2836 ,
1561 2748 2072 2849 adjeciffentque
2104 2754 2367 2821 oratio·

399 2863 554 2918 nem
587 2849 1096 2921 convenientem
1136 2851 1499 2936 mandatis,
1537 2848 1765 2924 consul
1800 2851 2076 2924 demissis
2108 2853 2171 2919 in
2213 2875 2357 2919 ter-

407 2968 547 3016 ram
569 2949 779 3019 oculis
799 2994 820 3028 ,
852 2950 1087 3020 tacitus
1106 2948 1189 3018 ab
1208 2950 1477 3022 incertis
1501 2996 1523 3031 ‚
1602 2951 1864 3023 uiduam
1886 2951 2038 3023 esset
2061 2953 2355 3029 aGturus,

407 3045 647 3147 legatis
704 3046 979 3119 receffit.
1033 3051 1229 3120 nodie
1275 3049 1516 3123 deinde
1550 2978 1820 3123 tsilentio
1851 3065 1873 3136 (
1908 3076 1974 3121 ut
2010 3077 2155 3121 mos
2195 3051 2293 3121 est
2333 3059 2355 3142 j

410 3149 495 3216 L.
557 3146 887 3242 Papirium
949 3147 1343 3220 difflttorem
1397 3149 1564 3221 dixit
1592 3196 1614 3229 ‚
1670 3150 1777 3222 cui
1812 3178 2016 3251 quum
2074 3152 2167 3220 ob
2215 3154 2361 3220 ani-

410 3268 595 3315 mum
629 3269 666 3315 e
722 3246 898 3344 regie
941 3246 1188 3320 νὶᾶιισι
1230 3248 1432 3349 legati
1469 3250 1708 3349 gratias
1761 3274 1794 3318 a
1845 3274 2034 3322 erent
2074 3304 2092 3332 ,
2149 3250 2363 3320 obsti-

407 3364 635 3415 natum
698 3345 998 3418 dentium
1037 3346 1328 3421 obtinuit
1366 3401 1390 3435 ,
1421 3373 1495 3421 ac
1529 3346 1663 3421 fine
1699 3276 2010 3447 resgponso
2054 3378 2126 3421 ac
2167 3376 2365 3420 rnen-

402 3442 593 3513 tione
643 3440 801 3515 faffi
845 3441 936 3516 sui
975 3488 997 3527 ,
1047 3446 1308 3546 legatos
1348 3445 1636 3520 dimisit:
1689 3470 1765 3521 ut
1805 3470 2157 3546 appareret
2198 3448 2365 3523 iufi-

399 3565 600 3638 gnem
651 3543 960 3616 dolorem
1016 3543 1270 3645 ingenti
1318 3547 1670 3644 comprimi
1725 3548 1971 3620 animo.
2054 3548 2363 3645 Papirius

402 3643 494 3712 C.
540 3643 808 3737 junium
878 3641 1251 3721 Bubulcum
1315 3648 1703 3751 Magistrum
1755 3647 2057 3751 equitum
2131 3647 2312 3719 dixit
2334 3673 2359 3717 z

623 3779 631 3786 ·
1044 3781 1048 3786 ·
2098 3755 2121 3798 ⁵
2142 3768 2358 3850 atque
