2593 4366
932 126 1009 204 L
1048 148 1082 204 ι
1121 152 1163 205 n
1209 152 1275 205 a.
1295 153 1350 208 n
1444 123 1581 207 IX.
2063 152 2217 231 731

248 219 846 330 ,neraobsepserant
859 227 1118 304 hostest
1135 227 1461 331 saltusque
1481 228 1752 330 pervios
1771 252 2084 332 ceperant
2104 264 2220 318 ,ne

258 359 401 436 qua
417 328 691 405 subvehi
709 349 1123 405 commeatus
1110 329 1412 500 ¹possent:
1435 355 1654 433 neque
1674 357 1794 404 eos
1816 359 2020 434 quum
2040 362 2219 437 quo-

265 436 432 509 tidie
454 430 634 532 figna
651 433 720 503 in
742 430 952 505 aciem
974 454 1106 504 con
1137 430 1202 501 ul
1237 427 1568 528 proferret
1584 477 1610 515 ,
1640 433 1886 506 elicere
1907 434 1987 506 ad
2001 436 2222 510 certa-

263 559 426 609 men
443 553 730 630 poterat.
750 529 1029 631 satisque
1048 529 1407 630 apparebat
1434 555 1647 633 neque
1678 533 2038 608 Samnitem
2068 561 2218 612 cer-

264 653 494 707 tamen
506 627 787 730 praesens
803 673 829 715 ,
862 655 985 704 nec
1001 632 1388 704 Romanum
1422 631 1808 706 dilationem
1849 633 2012 706 belli
2044 636 2218 720 lam-

256 757 445 805 ssrum.
486 731 839 805 Adventus
859 729 1095 807 Marcii
1118 771 1141 812 ,
1177 731 1294 830 qui
1308 730 1616 803 Hernicis
1635 728 1912 808 subaffis
1930 755 2219 816 matura-

264 833 365 903 vit
400 832 680 931 collegat
720 831 943 905 venire
978 830 1223 902 auxilio
1261 883 1284 915 ,
1340 854 1598 904 moram
1632 834 2005 906 certaminis
2042 833 2218 911 hosti

258 930 544 1016 exemit.
580 957 728 1004 nam
748 976 771 1014 ,
802 953 875 1003 ut
913 929 1028 1028 qui
1055 953 1139 1003 ne
1170 931 1360 1003 alteri
1394 929 1662 1031 quidem
1696 933 2010 1004 exercitui
2038 930 2106 1007 se
2133 936 2218 1018 ad

264 1052 603 1106 certamen
626 1025 1039 1105 credidissent
1056 1054 1245 1128 pares
1266 1075 1289 1111 ,
1306 1031 1625 1130 conjungi
1641 1031 1866 1129 utique
1886 1031 2042 1127 paffi
2052 1036 2218 1116 duos

260 1128 646 1214 consulares
667 1132 1021 1212 exercitus,
1038 1130 1200 1202 nihil
1217 1130 1568 1204 crederent
1587 1126 1910 1227 superesse
1927 1128 1964 1199 s
1954 1132 2086 1229 pei3
2104 1135 2222 1214 adq.

254 1232 646 1305 ‚venientem
670 1227 1117 1327 incomposito
1160 1230 1423 1329 agmine
1460 1230 1786 1306 Marcium
1826 1232 2220 1330 aggreditur?-

258 1350 393 1404 Atur.
443 1330 718 1429 Raptim
734 1331 1001 1413 collata
1015 1327 1274 1403 sarcinae
1291 1332 1360 1402 in
1386 1330 1714 1402 medium:
1740 1338 1805 1404 &
1825 1351 2024 1427 prout
2044 1351 2220 1408 tema-

262 1455 386 1527 pus
406 1430 799 1526 patiebatur,
820 1428 1133 1502 instru&a
1148 1430 1345 1502 acies.
1395 1430 1676 1501 Clamor
1695 1429 1980 1527 primurn
2003 1431 2069 1502 in
2089 1429 2220 1504 sta-

264 1529 397 1600 tiva
412 1530 708 1626 perlatus
731 1585 749 1612 ,
767 1529 1008 1602 deinde
1021 1526 1416 1628 conspectus
1434 1529 1667 1625 procul
1690 1529 1904 1626 pulvis
1926 1580 1949 1613 ‚
1972 1533 2223 1604 tumul-

262 1649 408 1698 tum
446 1629 616 1725 apud
648 1629 925 1701 alterum
945 1625 1283 1701 consulem
1307 1629 1374 1701 in
1392 1625 1618 1700 castris
1645 1622 1824 1700 fecit.
1852 1624 2222 1744 isqueconi·

262 1720 483 1799 festim
523 1752 703 1799 arma
723 1752 960 1825 capere
992 1726 1172 1819 juffis
1198 1777 1220 1812 ,
1256 1727 1630 1826 raptimque
1649 1727 1901 1802 eduffis
1919 1752 1986 1800 m
2005 1729 2217 1805 aciem

263 1826 583 1910 militibus
609 1873 632 1909 ,
652 1823 1081 1901 transversam
1104 1826 1388 1900 hostium
1408 1827 1617 1899 aciem
1631 1867 1660 1910 ι,
1698 1847 1899 1926 atque
1919 1829 2052 1899 alio
2073 1849 2212 1902 cer·

258 1926 509 1998 tamine
527 1951 939 2024 occupatam,
959 1926 1211 1998 invadit
1231 1956 1248 1995 ε
1268 1928 1612 1998 clamitans
1622 1924 2216 2022 summumflagitim

250 2021 381 2117 fore
396 2080 416 2108 ,
435 2024 489 2123 fi
505 2028 753 2097 alterum
769 2029 1086 2098 exercitum
1101 2023 1397 2121 utriusque
1413 2029 1650 2098 vinaria
1668 2031 2218 2124 cmpotemfinerent

256 2123 413 2221 fieri,
431 2148 532 2198 nec
552 2127 628 2196 ad
629 2125 694 2223 fi·
700 2124 795 2221 fici
813 2127 937 2201 beai
956 2127 1316 2200 vindicarent
1333 2125 1513 2207 decus.
1568 2128 1726 2219 Qa
1745 2129 2069 2224 impetum
2093 2129 2216 2201 de-

263 2227 475 2307 derat,
501 2228 906 2324 perrumpit:
937 2228 1155 2298 ·aciem
1211 2250 1292 2297 ue
1314 2250 1432 2318 per
1469 2226 1755 2299 mediam
1774 2227 1840 2296 in
1858 2227 2066 2297 castra
2083 2225 2214 2305 hof

258 2321 450 2396 stium
468 2326 683 2397 tendit
707 2376 728 2404 ‚
763 2337 829 2399 δι
853 2348 1054 2396 vacua
1074 2253 1530 2402 deslensonibus
1562 2324 1738 2418 capit
1768 2324 2215 2419 atqueincen—
2307 2394 2323 2413 ,

259 2422 381 2493 dit.
439 2426 627 2519 Qae
649 2421 758 2492 ubi
772 2423 1117 2520 flagrantia
1135 2422 1513 2496 Marcianus
1533 2423 1723 2493 miles
1741 2418 2084 2518 conspexit
2098 2469 2120 2503 ,
2137 2434 2209 2499 δε
2233 2430 2236 2433 ’

259 2518 485 2592 hostes
528 2518 867 2617 respexere
891 2567 914 2602 ,
951 2541 1091 2591 tum
1113 2519 1337 2617 passim
1372 2514 1528 2617 fuga
1557 2541 1788 2615 coepta
1821 2522 2212 2594 Samnitium

260 2617 427 2689 fieri.
445 2617 552 2691 sed
572 2620 797 2691 omnia
813 2617 1075 2695 obtinet
1092 2620 1302 2690 caedes
1324 2644 1342 2688 ε
1380 2641 1503 2689 nec
1524 2616 1595 2687 in
1616 2621 1815 2690 ullam
1836 2642 2091 2716 partem
2105 2642 2216 2705 tu«,

263 2739 405 2788 tum
427 2713 794 2819 perfugium
819 2718 936 2791 est.
984 2715 1133 2814 Jam
1168 2718 1440 2818 triginta
1459 2718 1748 2789 millibus
1772 2717 2058 2792 hostium
2081 2747 2213 2794 cae-

261 2816 365 2896 lis,
385 2815 635 2919 signum
653 2817 949 2917 receptui
968 2812 1268 2891 consules
1286 2816 1602 2889 dederant
1623 2863 1646 2895 ,
1665 2818 2204 2921 colligebantque

258 2918 328 2988 in
342 2938 541 2990 unum
580 2918 801 3017 copias
822 2967 841 2998 ,
871 2916 1157 2991 invicem
1198 2918 1371 2989 inter
1386 2911 1453 2988 se
1469 2938 1843 3016 gratantes:
1876 2944 2077 3017 quum
2099 2946 2210 2993 re-

261 3039 459 3114 pente
472 3016 619 3092 visae
639 3018 870 3119 procul
887 3016 1175 3091 bostium
1202 3036 1392 3088 novae
1413 3015 1729 3088 cohortes
1750 3066 1772 3099 ,
1808 3018 2034 3115 quaein
2058 3016 2209 3124 sup-

261 3120 666 3212 plementum
686 3116 939 3216 scriptae
958 3114 1658 3215 fuerant.integravere
1679 3116 2021 3188 caedem.in
2044 3124 2212 3218 quan
2299 3126 2302 3127 *

266 3240 389 3287 nec
407 3214 567 3310 jussu
589 3215 956 3297 consulum,
973 3242 1093 3290 nee
1116 3215 1303 3316 signo
1326 3236 1606 3314 accepto
1620 3216 1908 3289 vistores
1930 3219 2206 3307 vaduntg

266 3317 445 3388 malo
464 3315 776 3387 tirocinio
787 3317 1213 3390 imbuendum
1228 3317 1618 3398 Samnitem,
1636 3316 2203 3389 clamitantesdn-

264 3417 542 3513 dulgent
557 3412 877 3489 Consules
900 3419 919 3486 1
1009 3418 1236 3488 ionum
1259 3415 1579 3493 ardori,ut
1595 3415 1707 3515 qui
1729 3414 1940 3512 probe
1961 3410 2238 3488 scirent

269 3539 519 3585 novum
550 3513 827 3585 militem
867 3443 1151 3588 hgfiium
1179 3515 1354 3586 inter
1392 3512 1724 3610 perculsos
1756 3512 1908 3615 fuga
1945 3536 2203 3587 vetera-

267 3638 418 3690 nos,
437 3638 518 3684 ne
540 3613 858 3684 tentando
871 3616 1135 3711 quidem
1158 3610 1307 3684 satis
1329 3615 1671 3684 certamini
1693 3609 1862 3687 fore.
1912 3619 2060 3687 Nec
2078 3639 2200 3687 eos

264 3711 496 3811 opinio
516 3708 778 3785 fefellit.
811 3735 1045 3787 omnes
1063 3713 1450 3787 Samnitium
1472 3712 1679 3812 copiae
1709 3736 1963 3786 veteres
1983 3739 2224 3831 novae-²,

2037 3838 2196 3913 que,
