2593 4366
971 145 1032 217 L
1076 171 1110 219 1
1158 168 1200 217 B
1242 167 1285 244 Β
1329 161 1381 222 R
1471 137 1610 217 IX.
2062 171 2148 243 73
2160 173 2202 246 3·

277 235 418 319 lum
450 265 759 344 potuerat
792 243 978 318 bello
1013 245 1245 317 abess'e.
1296 238 1859 330 Creati·consules
1883 248 2223 323 L.Postu-

275 348 483 425 mius,
524 345 682 417 Tib.
716 345 1062 421 Minucius.
1115 347 1265 415 Hos
1288 339 1579 416 consules
1612 340 1765 418 Piso
1799 350 1895 430 Q.
1920 345 2125 418 Fabio
2149 358 2220 425 δε

276 453 355 520 Ρ.
387 444 607 519 Decio
640 441 946 544 suggerit.
982 442 1253 516 biennio
1287 464 1601 541 exempto
1623 488 1647 525 ‚
1685 470 1823 542 quo
1863 447 2224 521 Claudium

272 545 843 643 Volumniumque
862 588 884 624 ‚
923 552 989 619 δι
1010 542 1400 618 Cornelium
1419 592 1439 624 ,
1475 568 1623 612 cum
1643 543 1902 632 Marcio
1920 542 2225 618 consules

271 637 490 714 faetus
512 639 936 716 tradidimus:
976 641 1382 721 memoriane
1404 636 1644 739 fugerit
1664 643 1731 712 in
1760 644 2097 738 annalibus
2120 646 2223 717 di·-

320 743 578 815 erendis
599 786 621 828 ,
660 767 740 813 an
759 737 1064 814 consulto
1084 740 1278 812 binos
1301 737 1819 812 consules-falsos
1838 764 2014 814 ratus
2042 749 2225 816 tran-2

269 769 592 914 {enderit
614 893 637 928 ,
656 841 979 913 incertum
995 837 1109 912 est.
1162 840 1422 913 Eodem
1444 862 1617 922 anno
1638 840 1703 908 in
1724 865 1863 932 cam
1918 868 2026 914 um
2049 844 2221 915 Stel·-

271 940 477 1012 latem
502 943 636 1039 agri
663 939 991 1038 Campani
1008 939 1397 1012 Samnitium
1418 931 1819 1018 incursiones
1877 942 2059 1013 21&aess
2091 944 2224 1014 ita-

269 1064 405 1139 que
426 1043 626 1114 ambo
643 1037 945 1114 consules
964 1039 1030 1110 ln
1055 1040 1391 1113 Samnium
1428 1037 1623 1118 missi.
1671 1043 1900 1135 Qum
1932 1039 2220 1113 diversas

266 1140 575 1240 regiones
597 1181 619 1221 ‚
655 1135 1006 1212 Tifernum
1026 1138 1397 1218 Postumius
1424 1183 1445 1218 ‚
1485 1136 1853 1218 Bovianum
1891 1138 2225 1212 Minucius

262 1235 594 1336 petiffent;
622 1237 936 1312 Postumii
954 1239 1127 1334 prius
1143 1238 1343 1310 dustu
1360 1238 1441 1322 ad
1458 1232 1812 1308 Tifernum
1835 1258 2223 1336 pugnatum.

259 1339 401 1414 Alii
420 1338 591 1410 haud
615 1338 812 1409 dubie
832 1339 1154 1412 Samnites
1176 1338 1388 1410 νίἂοε
1407 1382 1428 1417 ,
1457 1350 1485 1386 ⁸
1507 1362 1579 1407 ac
1597 1335 1831 1434 viginti
1851 1337 2053 1407 millia
2068 1337 2224 1411 inde

262 1435 612 1510 hominum
638 1460 828 1536 capta
849 1439 1151 1509 tradunt:
1173 1437 1281 1508 alii
1304 1440 1521 1512 Marte
1542 1461 1733 1533 aequo
1755 1431 2090 1507 discessum
2105 1490 2126 1521 ‚
2150 1446 2222 1513 δε

260 1535 678 1610 Postumium
701 1558 953 1609 metum
994 1535 1403 1609 simulantem
1436 1537 1766 1612 noelutno
1787 1535 2020 1607 itinere
2042 1536 2215 1608 clam

256 1636 328 1704 in
352 1657 615 1708 montes
657 1636 893 1733 copias.
921 1632 1281 1707 abduxiss'e:
1327 1631 1549 1708 hostes
1576 1630 1834 1705 secutos
1856 1634 1988 1705 duo
2011 1633 2217 1709 millia

251 1734 407 1805 inde
430 1734 594 1806 locis
620 1736 885 1806 munitis
906 1743 970 1810 &
991 1732 1166 1832 ipsos
1187 1729 1564 1806 consedisse.
1601 1731 1874 1813 Consul,
1893 1754 1962 1805 ut
1980 1732 2214 1809 stativa

224 1859 227 1866 ·
251 1852 393 1906 tuta
413 1883 440 1917 ‚
465 1831 866 1933 copiosaque
888 1839 911 1922 (
931 1845 996 1909 &
1021 1837 1113 1905 ita
1128 1854 1316 1906 erant
1333 1838 1358 1916 )
1386 1827 1610 1929 petisse
1628 1832 1958 1905 videretur
1976 1863 2001 1924 3
2031 1832 2217 1932 post-

252 1958 453 2029 quam
474 1943 542 2008 &
567 1931 985 2005 munimentis
1008 1931 1214 2006 castra
1232 1931 1519 2014 fitmavit
1541 1979 1563 2015 ,
1600 1941 1668 2007 δε
1683 1933 1875 2031 omni
1897 1955 2213 2041 apparatu

247 2055 466 2104 rerum
484 2033 742 2106 utilium
763 2032 1019 2113 instruit
1042 2065 1063 2123 3
1083 2032 1115 2081 b
1142 2032 1376 2104 relifio
1400 2029 1597 2120 fitmo
1619 2029 1916 2128 praesidio
1938 2032 2020 2104 de
2042 2032 2215 2133 vigi-

250 2130 551 2215 liatertia
571 2178 592 2214 ‚
613 2157 741 2232 qua
760 2134 910 2206 duci
932 2133 1229 2230 proxime
1251 2127 1469 2230 potest
1494 2179 1517 2214 ‚
1546 2130 1885 2228 expeditas
1907 2132 2210 2232 legiones

261 2230 345 2304 ad
364 2231 693 2331 collegam
718 2285 740 2317 ,
763 2243 828 2307 &
853 2232 1060 2332 ipsum
1080 2228 1380 2306 adversus
1404 2232 1566 2305 alios
1588 2227 1922 2305 sedentem
1949 2281 1972 2316 ‚
2007 2232 2213 2305 ducit.

260 2328 358 2400 ibi
373 2332 636 2402 aussore
658 2334 1347 2409 Postumio-Minucius
1367 2356 1516 2401 cum
1537 2329 1826 2413 hostibus
1845 2328 2022 2429 ligna
2041 2356 2210 2403 con-

264 2424 396 2500 fert
416 2458 438 2512 3
456 2439 519 2504 δι
540 2455 740 2526 quum
761 2458 997 2530 anceps
1021 2432 1397 2529 praeliumjn
1418 2431 1697 2513 multum
1716 2429 1845 2501 diei
1866 2426 2211 2525 procellis-

264 2522 365 2600 set
395 2577 420 2611 ‚
449 2551 588 2599 tum
630 2528 995 2606 Postumius
1028 2531 1302 2630 integris
1334 2527 1704 2626 legionibus
1739 2524 2043 2600 defessam
2073 2532 2211 2618 jam

266 2626 478 2703 aciem
500 2625 781 2701 hostium
796 2628 1153 2727 improviso
1174 2629 1451 2704 invadit.·
1499 2633 1951 2726 Itaque-quum
1967 2629 2211 2701 lassitu·

228 2802 233 2805 ,
266 2726 360 2797 do
378 2750 450 2796 ac
473 2727 742 2798 vulnera
777 2723 998 2826 fugam
1039 2755 1306 2830 quoque
1343 2722 1827 2825 proepedissent3
1860 2728 2207 2801 occidione

268 2822 467 2897 occifi
488 2822 708 2897 hostes
726 2882 745 2908 ,
789 2825 966 2926 ligna
985 2852 1182 2901 unum
1218 2840 1282 2904 δι
1305 2827 1539 2925 viginti
1565 2846 1795 2922 capta:
1837 2847 2032 2924 atque
2051 2828 2208 2899 inde

252 2929 351 3019 ad
369 2924 574 3001 castra
588 2925 905 3008 Postumii
925 2929 1316 3025 perteetum.
1370 2926 1473 3000 lbi
1490 2926 1624 2998 duo
1646 2924 1929 2999 victores
1956 2927 2214 2999 exerci-

2105 3047 2213 3096 tus

1282 3154 1417 3204 tertia
1438 3154 1607 3221 vigilia.
1656 3151 1776 3203 Ante
1801 3150 1978 3198 tertiam
2001 3149 2206 3215 vigiliam

500 3218 541 3263 G
567 3230 607 3267 x
633 3232 664 3264 o
685 3230 725 3265 κ
755 3234 785 3268 o
818 3231 854 3268 v
885 3235 904 3266 ι
943 3236 985 3266 ι.
1283 3224 1502 3270 εκειᾶειηι.
1533 3219 1627 3269 Lib.
1649 3234 1720 3277 34.
1738 3219 1830 3285 Ipft
1842 3221 2035 3267 detmiae
2047 3221 2211 3287 vigui:

1282 3289 1679 3351 ”cumetensi-cudit
1707 3290 1762 3337 ά
1780 3287 1987 3352 profugit.
2018 3287 2115 3338 Lib.
2130 3303 2210 3346 40.

339 3363 370 3396 a
399 3356 458 3397 Ac
471 3350 652 3415 triginta
665 3355 809 3403 millia
817 3358 916 3405 inde
931 3356 1169 3408 bominum.
1188 3364 1209 3417 ]
1280 3359 1440 3425 sopitis
1449 3358 1637 3405 omnibu
1647 3356 1699 3403 de
1707 3358 1841 3404 tertia
1852 3357 2012 3421 vigilia
2021 3354 2214 3416 confimo

269 3422 382 3467 Duo
409 3415 516 3465 Pall-
533 3417 621 3469 Th.
636 3417 730 3469 duo
744 3419 863 3472 Voffi
884 3424 1037 3474 Helm.
1064 3442 1114 3474 ac
1132 3438 1207 3477 xx.
1280 3429 1406 3473 dunc.
1441 3423 1675 3474 Caesatlib.
1697 3439 1735 3470 1.
1764 3423 1878 3471 Gall.
1907 3426 2213 3485 Daetaem'aem'f

274 3488 422 3549 millia
450 3487 682 3536 hominum.
711 3492 812 3538 Sine
836 3492 912 3558 τᾷ
931 3491 1044 3541 inde.
1079 3493 1204 3554 Sigo-
1270 3494 1494 3560 giliaecum
1507 3493 1736 3560 legionibus
1747 3486 2064 3553 tribubcastris
2080 3490 2216 3559 profi·

270 3556 375 3601 nius
387 3567 442 3598 ex
458 3550 762 3605 Diodorum
776 3561 935 3606 millia.
1275 3561 1464 3620 cufiitur.
1496 3563 1693 3608 Itetum:
1727 3567 1801 3609 De
1828 3561 1964 3613 terti«
1975 3561 2136 3628 vigilia
2154 3563 2208 3608 T.

336 3621 366 3667 b
396 3621 560 3670 mucio
575 3623 705 3684 firmo
724 3628 909 3692 pufids‘o
935 3631 1093 3696 vigilia
1115 3641 1203 3677 ter·
1278 3628 1519 3676 Labienum
1545 3627 1731 3694 legatum
1748 3643 1916 3694 propere
1939 3645 2038 3676 eum
2051 3629 2212 3677 daubus

269 3683 626 3751 214JFuldenses
641 3696 691 3743 ὅ(
706 3694 1029 3760 omnes-scripti
1043 3695 1201 3753 nostri,
1276 3696 1511 3762 legienibuu
1533 3694 1755 3754 summm
1773 3697 1937 3763 jugum
1960 3700 2108 3748 mouth
2132 3696 2215 3746 ad-

258 3760 318 3808 'de
332 3756 659 3823 vigiliantia,
687 3774 766 3811 aut
784 3795 798 3820 ‚
826 3757 955 3828 quod
966 3763 1089 3821 malo
1107 3799 1124 3828 ,
1148 3766 1200 3815 de
1261 3761 1616 3832 ftendaerejubet.
1697 3823 1718 3833 ..

402 3876 409 3884 .
2026 3834 2054 3885 ὲ
2079 3833 2223 3898 Signa
