2593 4366
879 153 946 230 L
1000 173 1032 226 1
1066 171 1122 228 ‘t
1160 173 1210 229 n
1252 173 1307 231 R
1397 150 1434 228 1
1452 152 1542 230 X.
2035 167 2087 254 7
2094 161 2184 253 39·

210 250 444 343 effes.
465 253 764 332 universa
780 279 992 355 prope
1055 277 1173 325 ens
1195 309 1217 339 ,
1250 254 1383 327 sme
1401 249 1917 329 diffimulatione
1930 255 2187 334 confilii

231 360 482 464 publici
501 403 524 439 ‚
558 356 640 429 ad
662 355 887 428 hostes
904 355 988 427 de
1019 355 1300 426 civeratt
1336 365 1402 429 δι
1422 351 1774 456 postquam
1785 355 1924 426 ἰᾶο
1938 357 2188 432 Romae

234 487 389 536 eum
405 457 807 533 Samnitibus
823 451 1081 527 foedere
1100 496 1126 533 ‚
1149 447 1413 525 feciales
1438 475 1753 528 venerant
1773 499 1796 535 ‚
1813 479 1917 526 tes
1939 458 2192 554 tepeti-

236 583 405 643 tum,
424 558 800 628 tentationem
816 610 838 639 ,
862 553 1148 633 aiebant,
1160 552 1292 648 effe,
1313 572 1379 623 ut
1393 572 1608 624 terrore
1625 553 1817 652 incuffo
1834 553 1958 626 belli
1978 567 2192 627 Roma-
2285 597 2296 614 τ

233 657 400 754 nosft
410 656 545 753 fieri
563 673 917 748 pateremur.
937 651 1086 746 quod
1099 669 1443 746 quantopere
1453 650 1912 745 optandumfom
1924 709 1949 740 ,
1968 660 2194 727 Hemi-

241 781 332 830 cos
365 755 588 853 docuiffit
606 780 628 825 .-
666 776 840 846 quum
859 753 1052 846 quibus
1067 753 1296 821 licuerit
1313 799 1337 834 ‚
1356 749 1488 847 suas
1502 752 1653 844 teges
1676 764 1925 834 Romana
1954 755 2195 827 civitati

230 856 664 953 praeoptaverint
679 879 699 923 .·
715 852 906 946 quibus
921 851 1141 944 legmdi
1155 850 1299 943 quid
1315 852 1568 935 malletur,
1587 853 1749 942 copia
1763 850 2080 945 mnfuerit,
2091 872 2204 948 pre

238 975 404 1050 poena
417 953 779 1051 neceffart'am
790 953 1093 1025 civitatem
1094 947 1253 1044 fore.
1296 949 1423 1023 Ob
1433 949 1573 1023 haec
1594 995 1617 1031 ‚
1647 953 1856 1049 vulgo
1876 956 1945 1023 in
1964 955 2199 1027 conci-

241 1056 345 1128 liis
363 1056 626 1149 jactata,
649 1053 931 1152 populus
953 1053 1299 1124 Romanus
1319 1050 1570 1123 bellum
1591 1047 1736 1122 fieri
1756 1052 1974 1149 AEquis
1990 1052 2199 1145 juffits

245 1150 678 1253 consulesque
698 1151 901 1224 ambo
918 1150 999 1223 ad
1020 1175 1267 1224 novum
1290 1147 1575 1250 profeffi
1589 1149 1839 1224 bellum
1856 1195 1880 1232 ‚
1911 1171 2200 1250 quatuor

243 1254 538 1329 millibus
598 1253 636 1324 ὲ
682 1250 904 1324 castris
957 1248 1244 1322 hostium
1298 1246 1760 1324 consederunt.
1838 1253 2197 1351 AEquorum

253 1355 582 1427 exereitus
606 1354 715 1447 (ut
731 1351 848 1452 qui
865 1346 980 1422 suo
995 1352 1264 1422 nomine
1279 1352 1649 1450 permultos
1668 1373 1874 1423 annos
1886 1350 2199 1423 imbelles

251 1449 581 1553 egissent)
604 1449 1033 1522 tumultuario
1055 1446 1276 1522 similis
1296 1449 1474 1531 ,fine
1497 1450 1775 1523 ducibus
1796 1450 1994 1523 certis
2015 1495 2039 1531 ,
2069 1450 2204 1523 fine

126 1601 133 1608 =
248 1553 537 1649 imperio
554 1572 656 1621 tre
706 1550 908 1622 idare.
942 1548 1056 1620 alii
1081 1548 1454 1622 exeundum
1477 1549 1545 1620 in
1566 1551 1773 1625 aciem
1789 1594 1814 1630 2
1851 1548 1959 1620 alii
1995 1546 2206 1622 castra

248 1652 496 1722 tuenda
526 1575 788 1722 censsnt
811 1678 831 1721 z
870 1669 1099 1722 movet
1114 1646 1463 1748 plerosque
1483 1647 1758 1723 vastatio
1774 1644 1989 1721 futura
2005 1674 2209 1749 agro·-

249 1774 395 1821 rum
414 1792 436 1828 ‚
471 1773 545 1821 ac
565 1748 878 1847 deinceps
896 1775 1047 1822 cum
1067 1748 1324 1821 levibus
1340 1747 1645 1848 praefidiis
1663 1749 1922 1821 urbium
1939 1751 2210 1821 reliRa-

250 1874 396 1921 rum
415 1849 694 1920 excidia.
744 1855 774 1919 J
782 1871 979 1948 taque
1004 1845 1353 1948 postquam
1388 1849 1557 1922 inter
1589 1850 1829 1922 multas
1847 1844 2209 1921 sententian

251 1973 401 2031 una,
425 1973 569 2048 quae
588 1944 809 2020 omiffa
825 1973 977 2021 cura
1000 1948 1450 2020 communium
1470 1948 1549 2020 ad
1562 1944 1930 2047 respeaum
1951 1943 2208 2020 suarum

249 2071 586 2146 quemque
606 2072 821 2119 rerum
840 2044 1400 2133 vertiffet,audita;
1419 2070 1492 2119 ut
1503 2049 1714 2146 prima
1728 2048 1951 2146 vigilia
1966 2045 2211 2121 diverfi

255 2148 293 2219 ὲ
318 2146 535 2220 castris
565 2148 646 2220 ad
665 2146 1076 2247 deportanda
1107 2147 1333 2219 omnia
1360 2149 1737 2249 tuendaque
1764 2147 2100 2220 moenibus
2138 2148 2214 2221 in

254 2246 451 2320 urbes
470 2247 750 2336 abirent3
769 2249 987 2320 cunffi
1001 2273 1143 2319 eam
1166 2243 1553 2320 sententiam
1570 2248 1826 2347 ingenti
1848 2242 2089 2319 affensu
2103 2270 2217 2319 ac-

262 2370 529 2442 cepere.
578 2348 819 2421 Palatis
842 2346 1139 2418 hostibus
1162 2369 1280 2442 per
1302 2370 1498 2445 agros
1516 2393 1539 2429 ‚
1560 2350 1770 2444 prima
1790 2350 1936 2421 luce
1955 2347 2216 2419 Roma-

258 2447 328 2517 ni
349 2443 542 2545 {ignis
566 2445 845 2542 prolatis
863 2446 931 2516 in
950 2445 1089 2516 acie
1107 2442 1467 2516 confistunt
1487 2473 1507 2517 ι
1532 2456 1600 2521 &
1622 2446 1736 2516 ubi
1754 2470 1950 2518 nemo
1966 2443 2206 2517 obvius

257 2544 422 2627 ibat,
445 2546 647 2642 pleno
664 2545 869 2643 gradu
888 2545 970 2616 ad
990 2539 1196 2614 castra
1214 2541 1502 2617 hostium
1520 2546 1825 2618 tendunt.
1842 2547 2207 2627 Caeterum,
2233 2566 2239 2573 ·

238 2645 602 2742 ‚postquam
618 2643 710 2715 ibi
727 2668 940 2743 neque
957 2642 1268 2715 stationes
1258 2650 1410 2811 ¹pto
1426 2644 1790 2741 portis‚nec
1806 2668 2212 2744 quemquam

256 2745 327 2816 in
349 2745 526 2816 vallo
549 2798 569 2827 ,
598 2768 728 2815 nec
763 2739 1101 2814 fremitum
1124 2766 1254 2813 con
1285 2765 1510 2814 netum
1527 2742 1887 2816 castrorum
1907 2742 2207 2815 animad-

259 2865 625 2929 verterunt3
644 2838 912 2913 insolito
932 2840 1188 2913 filentio
1206 2843 1399 2925 moti,
1417 2863 1599 2913 metu
1613 2841 1983 2915 infidiamm
2004 2840 2209 2915 subfi-

261 2941 463 3014 stunt.
483 2938 860 3042 transgreffi
900 2942 1139 3013 deinde
1177 2941 1418 3013 vallum
1437 2986 1459 3021 ,
1489 2966 1694 3040 quum
1711 2938 1964 3014 deserta
1978 2942 2205 3013 omnia

259 3039 647 3116 invenissent
666 3092 688 3128 ,
723 3062 1008 3143 pergunt
1040 3037 1300 3113 hostem
1325 3038 1611 3141 vestigiis
1631 3037 1848 3142 sequi:
1880 3040 1990 3114 sed
2014 3040 2208 3113 vesti-

261 3144 369 3239 gia
390 3143 457 3212 in
470 3166 702 3213 omnes
718 3167 902 3243 aeque
921 3137 1197 3213 ferentia
1216 3162 1432 3239 partes
1454 3186 1478 3222 ,
1504 3164 1573 3211 ut
1589 3141 1658 3211 in
1671 3138 1929 3240 dilapsis
1949 3137 2205 3239 paffim.

262 3232 784 3338 primoer'rorem
802 3238 1163 3329 faciebant3
1181 3236 1343 3337 ,post
1362 3296 1383 3325 ‚
1405 3264 1523 3338 per
1533 3242 1995 3337 exploratores
2010 3264 2205 3312 com-

262 3338 468 3438 pertis
490 3337 771 3411 hostium
810 3340 1094 3412 confiliis
1115 3384 1139 3419 ‚
1179 3338 1260 3411 ad
1302 3338 1583 3441 lingulas
1617 3340 1811 3412 urbes
1847 3333 2204 3414 circumfe-

264 3440 479 3512 rendo
512 3435 736 3531 bello,¹
779 3464 976 3510 unum
1005 3450 1067 3515 δι
1112 3439 1545 3541 quadraginta
1585 3442 1830 3538 oppida
1861 3442 2032 3513 intra
2059 3439 2208 3512 dies

263 3535 741 3636 quinquaginta
773 3540 998 3608 omnia
1029 3540 1482 3639 oppugnando
1521 3560 1837 3639 ceperunt
1867 3570 1885 3614 ε
1918 3565 2205 3642 quorum

265 3640 582 3738 pleraque
603 3634 818 3706 diruta
835 3680 858 3716 ‚
893 3658 1089 3734 atque
1109 3635 1371 3711 incensa
1390 3685 1412 3719 ‚
1452 3663 1834 3741 nomenque
1852 3645 2209 3741 AEquorum

262 3761 481 3838 prope
500 3734 582 3809 ad
597 3734 1122 3810 internecionem
1136 3736 1459 3817 deletum·
1477 3741 1593 3817 De
1610 3740 1833 3840 AEquis
1850 3739 2218 3837 triumpha»

2051 3860 2223 3925 tum,
