2593 4366
912 119 978 195 L
1032 142 1064 196 1
1114 149 1155 199 n
1199 149 1244 226 ε
1287 151 1339 203 R
1430 121 1521 204 X.
2042 167 2189 245 799

227 216 361 298 fab
376 220 842 322 integumento
872 215 1212 322 consepti,
1251 252 1389 326 quo
1409 228 1657 306 sacrata
1690 237 2005 315 nobilitas
2027 271 2196 335 erat,

234 323 563 417 appellata
576 321 829 395 est.His
844 348 1023 395 arma
1038 323 1308 424 insignia
1320 327 1568 415 data,&
1587 333 1863 413 cristatae
1882 346 2194 442 galeae,ut

232 418 410 492 inter
423 443 682 519 ceteros
698 423 1291 523 eminerent.paulo
1308 430 1452 524 plus
1477 433 1712 533 viginti
1727 439 2004 517 millium
2024 449 2191 521 alius

236 521 574 593 exercitus
617 519 740 593 fuit
758 567 779 604 ,
823 549 943 596 nec
966 549 1325 623 corporum
1348 526 1558 624 specie
1580 579 1600 614 ‚
1633 560 1755 610 nec
1770 541 1987 640 gloria
2006 545 2195 630 belli,

234 644 359 691 nec
380 642 696 719 apparatu
711 622 994 696 linteatae
1017 624 1265 724 legioni
1298 624 1530 726 dispar.
1564 631 1669 708 hic
1691 636 2039 717 hominum
2065 673 2191 720 nu-

232 744 453 790 merus
471 723 656 819 quod
674 721 937 794 roboris
958 724 1208 806 erat‚ad
1224 729 1656 824 Aquiloniam
1677 736 2187 820 consedit.Con-
2202 751 2297 827 39.

236 813 406 889 sules
431 818 710 917 profeffl
728 822 811 894 ab
834 822 1031 895 urbe:
1076 823 1257 921 prior
1275 831 1386 922 Sp.
1406 830 1906 927 Carvilius2cui
1924 865 2185 919 veteres

234 917 537 1015 legiones
573 966 596 1003 ,
643 947 804 1020 quas
862 927 960 996 M.
989 924 1236 995 Atilius
1276 920 1628 1023 superioris
1666 938 1817 1007 anni
1856 940 2084 1017 consul
2113 947 2186 1042 in

240 1040 404 1116 agro
424 1019 851 1108 Interamnati
868 1021 1225 1122 reliquerat
1246 1073 1270 1109 ,
1290 1024 1575 1101 decretae
1589 1055 1775 1106 erant
1792 1092 1812 1120 ,
1831 1033 1981 1113 cum
2001 1048 2096 1115 eis
2115 1046 2187 1120 in

232 1117 567 1190 Samnium
598 1117 936 1216 profeRus
954 1166 977 1201 ‚
1016 1123 1171 1194 dum
1188 1123 1414 1197 hostes
1434 1132 1690 1227 operati
1710 1130 2189 1234 superstitioni-

233 1212 355 1285 bus
376 1220 659 1290 concilia
677 1217 924 1291 secreta
946 1245 1170 1319 agunt,
1191 1225 1614 1302 Amiternum
1631 1236 1949 1332 oppidum
1972 1241 2056 1314 de
2077 1251 2193 1317 Sa-

228 1316 544 1388 mnitibus
567 1317 847 1415 vicepit.
895 1316 1083 1392 Caesa
1100 1321 1192 1392 ibi
1215 1322 1423 1396 millia
1454 1327 1800 1406 hominum
1822 1337 1956 1409 duo
1974 1337 2186 1417 ferme

233 1435 435 1512 atque
454 1417 827 1518 octingenti
849 1446 868 1489 ς
909 1441 1101 1517 capta
1117 1445 1403 1519 quatuor
1421 1429 1626 1501 millia
1644 1432 1913 1508 ducenti
1931 1436 2190 1537 septua-

231 1512 437 1611 ginta.
484 1518 784 1612 Papirius
806 1543 989 1591 novo
1009 1522 1306 1592 exercitu
1333 1526 1461 1610 (ita
1481 1528 1820 1605 decretum
1842 1550 2010 1623 erat)
2033 1537 2190 1614 scri-

233 1633 385 1709 pt0‚
406 1617 782 1704 Duroniam
806 1615 1036 1690 urbem
1058 1626 1499 1720 expugnavit:
1522 1630 1737 1703 minus
1757 1661 1956 1734 quam
1981 1644 2191 1715 colle·
2296 1733 2299 1734 ἢ

234 1736 322 1809 ga
338 1711 513 1809 cepit
534 1713 879 1804 hominum
900 1761 923 1796 ‚
964 1720 1109 1815 plus
1129 1720 1469 1819 aliquanto
1491 1731 1758 1803 occidit.
1785 1737 2001 1831 Praeda
2020 1766 2193 1840 opu-7

233 1811 415 1883 lenta
445 1814 802 1915 utrobique
850 1815 944 1888 est
998 1840 1203 1917 parta.
1264 1822 1433 1896 Inde
1471 1837 1814 1929 pervagati
1846 1841 2185 1917 Samnium

228 1907 531 1984 consules
547 1960 571 1997 ‚
596 1915 877 1987 maxime
891 1916 1299 2017 depopulato
1319 1926 1596 1999 Atinate
1611 1955 1800 2030 agro.
1849 1939 2185 2013 Carvilius

228 2009 310 2080 ad
332 2012 745 2094 Cominium,
766 2018 1057 2112 Papirius
1081 2018 1163 2089 ad
1181 2021 1615 2117 Aquiloniam
1640 2039 1664 2120 (
1687 2030 1798 2102 ubi
1818 2030 2068 2110 summa
2085 2043 2189 2114 rei

225 2105 613 2186 Samnitium
645 2125 829 2198 erat)
867 2118 1190 2214 pervenit.
1213 2118 1310 2190 ibi
1326 2123 1701 2225 aliquandiu
1724 2157 1846 2205 nec
1868 2134 2183 2214 ceffatum

223 2207 309 2279 ab
349 2214 547 2283 armis
581 2213 675 2286 est
695 2264 721 2297 ,
763 2228 793 2262 ²
835 2240 1052 2314 neque
1088 2219 1344 2290 naviter
1375 2248 1779 2324 pugnatum3
1807 2233 2183 2312 lacessendo

223 2308 490 2406 quietos
514 2362 536 2394 ,
577 2310 1023 2384 resistentibus
1042 2316 1384 2389 cedendo:
1419 2327 2025 2432 comminandoque
2040 2364 2186 2409 ma-

227 2408 329 2506 gis
350 2433 550 2506 quam
570 2405 916 2491 inferendo
940 2437 1229 2510 pugnam
1272 2413 1415 2485 dies
1453 2421 1960 2523 absumebatur3
1996 2440 2182 2533 quod

226 2530 434 2601 quum
469 2506 870 2604 inciperetur
905 2554 927 2590 ‚
964 2513 1546 2616 remittereturque
1568 2571 1588 2599 ,
1626 2526 1924 2600 omnium
1958 2558 2197 2632 rerum·

225 2602 425 2683 etiam
465 2629 806 2702 parvarum
830 2631 1109 2682 eventus
1148 2606 1613 2708 proferebatur
1639 2622 1707 2693 in
1728 2624 1893 2700 dies.
1949 2635 2184 2708 Altera

230 2704 543 2775 Romana
559 2703 767 2778 castra
795 2705 1025 2806 viginti
1058 2709 1340 2784 millium
1368 2711 1589 2813 spacio
1621 2722 1934 2800 aberant:
1974 2741 2041 2807 δι
2063 2735 2186 2804 ab·

1981 2828 2181 2905 sentis

228 2983 452 3052 'Samnites
475 2997 637 3066 singuli
660 2996 722 3050 ad
745 3017 870 3052 aram
884 3004 1000 3054 velis
1022 3007 1175 3057 linteis
1220 3014 1391 3082 finguli
1413 3018 1473 3067 ad
1494 3034 1619 3068 aram
1642 3020 1747 3070 velis
1770 3021 1915 3072 linteis
1937 3028 2182 3081 circumda-

221 3066 572 3125 circumdatam.
585 3071 631 3119 se
645 3085 742 3119 non
754 3070 947 3123 cessuros
958 3077 1174 3125 Romano
1233 3095 1358 3140 tam,
1386 3101 1468 3134 non
1480 3087 1655 3149 c'effum
1671 3089 1720 3150 fi
1748 3096 1936 3143 Romano
1950 3101 2098 3148 militi
2097 3104 2183 3171 jus

227 3136 648 3194 militijuraverant.
674 3143 874 3191 Marcell.
889 3151 1054 3193 Donat.
1232 3165 1449 3202 raven-ane.
1480 3158 1703 3218 Sigonius.

298 3219 318 3261 3
358 3205 421 3251 Ab
443 3205 729 3272 integumento
751 3210 947 3276 confipti.
965 3218 987 3273 J
1018 3218 1078 3261 Vt
1095 3220 1154 3264 Se

223 3268 930 3341 prum.1icconfiptumdicitur:
961 3296 1174 3343 quavoce
1418 3294 1460 3337 G
1500 3305 1538 3340 a
1579 3308 1611 3339 o
1649 3304 1686 3339 Ν
1736 3311 1769 3342 o
1807 3313 1839 3347 v
1882 3315 1903 3347 ι
1954 3316 1997 3347 x.

235 3337 339 3385 usus
366 3336 431 3383 est
461 3341 601 3387 Varro
629 3347 678 3393 δι
709 3345 981 3395 Columella.
1029 3354 1174 3397 Vocat
1346 3406 1347 3409 Ἴ

228 3418 383 3452 autem
409 3405 649 3474 consiptum
667 3445 682 3464 ,
709 3411 865 3461 locum
879 3412 1078 3480 undique
1107 3420 1172 3466 se·
1291 3436 1318 3469 a
1354 3433 1498 3494 Neque
1502 3435 1702 3498 graviter
1707 3435 2111 3502 pugnatum-jMsC
2126 3444 2181 3492 δε

234 3486 366 3537 ptum
393 3474 589 3521 cratibus
606 3513 619 3533 ,
654 3480 730 3539 qui
758 3479 882 3542 quod
908 3486 1057 3532 linteis
1082 3500 1174 3532 erat
1237 3491 1466 3542 vett.edd.
1484 3500 1621 3559 usquc
1639 3500 1698 3548 ad
1721 3505 1972 3566 Gryphium
1988 3508 2055 3554 vel
2063 3526 2181 3574 gna-

232 3541 499 3598 contectus,
523 3543 728 3592 linteata
750 3546 918 3610 legioni
948 3550 1174 3601 ‹lt-diruo·
1237 3561 1354 3606 viter
1370 3562 1441 3609 vel
1456 3569 1642 3614 naviter·
1676 3575 1833 3619 Primo
1865 3570 1999 3623 video
2028 3591 2182 3624 muta-

234 3621 374 3665 men,
405 3624 503 3670 qua
529 3610 592 3657 ibi
619 3614 868 3678 conscripta
893 3620 971 3666 est.
1024 3626 1177 3687 Qate
1238 3640 1336 3673 tum
1366 3633 1572 3678 Curioni.
1616 3636 1711 3689 Lib.
1735 3654 1866 3698 30‚4.
1903 3648 2081 3709 Tempus
2104 3645 2184 3707 effi

233 3675 381 3723 Festus
401 3678 489 3724 ait:
526 3682 658 3746 Legio
689 3687 961 3732 Samnitium
987 3689 1178 3738 linteata
1238 3710 1473 3762 autpaecem
1498 3708 1686 3769 componi
1706 3710 1953 3758 umbellam
1975 3717 2183 3777 gnaviter

229 3746 449 3813 appellata
469 3745 529 3810 est
542 3781 557 3803 .
584 3751 693 3816 quod
718 3756 945 3801 samnites
968 3758 1181 3811 intrantes
1232 3766 1348 3829 geri.
1377 3768 1586 3817 Sicenim
1599 3771 1661 3819 ibi
1675 3772 1790 3825 liber
1800 3780 2019 3841 optimus.

1935 3849 1975 3895 V
1989 3860 2025 3894 Α
2041 3858 2079 3893 n
2091 3857 2112 3893 1
2128 3860 2184 3893 ο.
