<?xml version="1.0" encoding="UTF-8"?>
<!DOCTYPE html PUBLIC "-//W3C//DTD XHTML 1.0 Transitional//EN"
    "http://www.w3.org/TR/xhtml1/DTD/xhtml1-transitional.dtd">
<html xmlns="http://www.w3.org/1999/xhtml" xml:lang="en" lang="en">
 <head>
  <title>
</title>
<meta http-equiv="Content-Type" content="text/html;charset=utf-8" />
  <meta name='ocr-system' content='tesseract 3.04.00' />
  <meta name='ocr-capabilities' content='ocr_page ocr_carea ocr_par ocr_line ocrx_word'/>
</head>
<body>
  <div class='ocr_page' id='page_1' title='image "./titiliviihistor00grongoog_0392.png"; bbox 0 0 2593 4366; ppageno 0'>
   <div class='ocr_carea' id='block_1_1' title="bbox 282 130 2365 3697">
    <p class='ocr_par' dir='ltr' id='par_1_1' title="bbox 282 130 2365 3697">
     <span class='ocr_line' id='line_1_1' title="bbox 372 130 2230 234; baseline -0.006 -23"><span class='ocrx_word' id='word_1_1' title='bbox 372 162 516 234; x_wconf 83' lang='lat'>324</span> <span class='ocrx_word' id='word_1_2' title='bbox 1041 133 1140 209; x_wconf 91' lang='lat' dir='ltr'>T.</span> <span class='ocrx_word' id='word_1_3' title='bbox 1229 130 1295 224; x_wconf 63' lang='grc' dir='ltr'>Ε</span> <span class='ocrx_word' id='word_1_4' title='bbox 1340 155 1372 205; x_wconf 92' lang='lat'>1</span> <span class='ocrx_word' id='word_1_5' title='bbox 1418 158 1462 208; x_wconf 83' lang='lat' dir='ltr'>v</span> <span class='ocrx_word' id='word_1_6' title='bbox 1514 156 1546 205; x_wconf 82' lang='lat'>1</span> <span class='ocrx_word' id='word_1_7' title='bbox 1593 151 1628 204; x_wconf 84' lang='lat'>1</span> <span class='ocrx_word' id='word_1_8' title='bbox 2223 226 2230 231; x_wconf 80' lang='lat'>.</span> 
     </span>
     <span class='ocr_line' id='line_1_2' title="bbox 373 222 2346 335; baseline -0.003 -23"><span class='ocrx_word' id='word_1_9' title='bbox 373 239 610 323; x_wconf 86' lang='lat' dir='ltr'>manis,</span> <span class='ocrx_word' id='word_1_10' title='bbox 630 234 810 335; x_wconf 89' lang='lat' dir='ltr'>quod</span> <span class='ocrx_word' id='word_1_11' title='bbox 841 229 1252 309; x_wconf 61' lang='lat' dir='ltr'>detreRass‘et</span> <span class='ocrx_word' id='word_1_12' title='bbox 1271 260 1556 332; x_wconf 86' lang='lat' dir='ltr'>pugnam</span> <span class='ocrx_word' id='word_1_13' title='bbox 1573 229 1805 310; x_wconf 81' lang='lat' dir='ltr'>hostis,</span> <span class='ocrx_word' id='word_1_14' title='bbox 1826 227 2023 304; x_wconf 83' lang='lat' dir='ltr'>animi</span> <span class='ocrx_word' id='word_1_15' title='bbox 2052 222 2346 307; x_wconf 59' lang='lat' dir='ltr'>accessea‘</span> 
     </span>
     <span class='ocr_line' id='line_1_3' title="bbox 375 330 2328 434; baseline -0.002 -25"><span class='ocrx_word' id='word_1_16' title='bbox 375 364 487 410; x_wconf 83' lang='lat' dir='ltr'>re:</span> <span class='ocrx_word' id='word_1_17' title='bbox 528 337 923 434; x_wconf 87' lang='lat' dir='ltr'>posteroque</span> <span class='ocrx_word' id='word_1_18' title='bbox 945 335 1050 406; x_wconf 91' lang='lat' dir='ltr'>die</span> <span class='ocrx_word' id='word_1_19' title='bbox 1088 336 1222 428; x_wconf 88' lang='lat' dir='ltr'>jam</span> <span class='ocrx_word' id='word_1_20' title='bbox 1259 333 1576 405; x_wconf 83' lang='lat' dir='ltr'><strong>militibus</strong></span> <span class='ocrx_word' id='word_1_21' title='bbox 1616 330 1821 403; x_wconf 81' lang='lat' dir='ltr'>castra</span> <span class='ocrx_word' id='word_1_22' title='bbox 1852 331 2216 432; x_wconf 87' lang='lat' dir='ltr'>urbemque</span> <span class='ocrx_word' id='word_1_23' title='bbox 2261 331 2328 406; x_wconf 81' lang='lat' dir='ltr'>se</span> 
     </span>
     <span class='ocr_line' id='line_1_4' title="bbox 376 430 2336 534; baseline -0.003 -27"><span class='ocrx_word' id='word_1_24' title='bbox 376 458 877 534; x_wconf 77' lang='lat' dir='ltr'>oppugnaturos</span> <span class='ocrx_word' id='word_1_25' title='bbox 896 430 1348 511; x_wconf 84' lang='lat' dir='ltr'>frementibus,</span> <span class='ocrx_word' id='word_1_26' title='bbox 1372 434 1438 503; x_wconf 90' lang='lat' dir='ltr'>ni</span> <span class='ocrx_word' id='word_1_27' title='bbox 1459 433 1650 529; x_wconf 84' lang='lat' dir='ltr'>copia</span> <span class='ocrx_word' id='word_1_28' title='bbox 1672 457 1900 528; x_wconf 83' lang='lat' dir='ltr'>pugnae</span> <span class='ocrx_word' id='word_1_29' title='bbox 1925 430 2074 519; x_wconf 81' lang='lat' dir='ltr'>fiat3</span> <span class='ocrx_word' id='word_1_30' title='bbox 2096 433 2336 502; x_wconf 81' lang='lat' dir='ltr'>utrim-</span> 
     </span>
     <span class='ocr_line' id='line_1_5' title="bbox 376 529 2337 635; baseline -0.002 -29"><span class='ocrx_word' id='word_1_31' title='bbox 376 562 507 635; x_wconf 85' lang='lat' dir='ltr'>que</span> <span class='ocrx_word' id='word_1_32' title='bbox 533 536 700 605; x_wconf 86' lang='lat' dir='ltr'>acies</span> <span class='ocrx_word' id='word_1_33' title='bbox 719 536 890 603; x_wconf 90' lang='lat' dir='ltr'>inter</span> <span class='ocrx_word' id='word_1_34' title='bbox 913 531 1065 602; x_wconf 86' lang='lat' dir='ltr'>bina</span> <span class='ocrx_word' id='word_1_35' title='bbox 1081 529 1285 602; x_wconf 88' lang='lat' dir='ltr'>castra</span> <span class='ocrx_word' id='word_1_36' title='bbox 1303 532 1370 601; x_wconf 91' lang='lat' dir='ltr'>in</span> <span class='ocrx_word' id='word_1_37' title='bbox 1401 533 1687 603; x_wconf 87' lang='lat' dir='ltr'>medium</span> <span class='ocrx_word' id='word_1_38' title='bbox 1718 531 1930 626; x_wconf 87' lang='lat' dir='ltr'>campi</span> <span class='ocrx_word' id='word_1_39' title='bbox 1947 532 2337 628; x_wconf 81' lang='lat' dir='ltr'>procedunt.</span> 
     </span>
     <span class='ocr_line' id='line_1_6' title="bbox 375 628 2329 728; baseline -0.003 -21"><span class='ocrx_word' id='word_1_40' title='bbox 375 634 624 707; x_wconf 83' lang='lat' dir='ltr'>Veiens</span> <span class='ocrx_word' id='word_1_41' title='bbox 649 631 1066 703; x_wconf 89' lang='lat' dir='ltr'>multitudine</span> <span class='ocrx_word' id='word_1_42' title='bbox 1094 631 1464 712; x_wconf 85' lang='lat' dir='ltr'>abundans,</span> <span class='ocrx_word' id='word_1_43' title='bbox 1484 630 1595 728; x_wconf 89' lang='lat' dir='ltr'>qui</span> <span class='ocrx_word' id='word_1_44' title='bbox 1630 629 1801 700; x_wconf 90' lang='lat' dir='ltr'>inter</span> <span class='ocrx_word' id='word_1_45' title='bbox 1830 628 2329 702; x_wconf 84' lang='lat' dir='ltr'><strong>dimicationem</strong></span> 
     </span>
     <span class='ocr_line' id='line_1_7' title="bbox 372 726 2335 829; baseline -0.003 -25"><span class='ocrx_word' id='word_1_46' title='bbox 372 731 580 804; x_wconf 85' lang='lat' dir='ltr'>castra</span> <span class='ocrx_word' id='word_1_47' title='bbox 602 735 905 802; x_wconf 81' lang='lat' dir='ltr'>Romana</span> <span class='ocrx_word' id='word_1_48' title='bbox 923 731 1433 829; x_wconf 86' lang='lat' dir='ltr'>aggrederentur</span> <span class='ocrx_word' id='word_1_49' title='bbox 1449 774 1469 808; x_wconf 87' lang='lat'>‚</span> <span class='ocrx_word' id='word_1_50' title='bbox 1494 726 1642 825; x_wconf 86' lang='lat' dir='ltr'>post</span> <span class='ocrx_word' id='word_1_51' title='bbox 1673 749 1935 797; x_wconf 84' lang='lat' dir='ltr'>montes</span> <span class='ocrx_word' id='word_1_52' title='bbox 1955 731 2335 801; x_wconf 85' lang='lat' dir='ltr'>circummi-</span> 
     </span>
     <span class='ocr_line' id='line_1_8' title="bbox 372 824 2336 925; baseline -0.001 -24"><span class='ocrx_word' id='word_1_53' title='bbox 372 830 473 901; x_wconf 84' lang='lat' dir='ltr'>fit.</span> <span class='ocrx_word' id='word_1_54' title='bbox 526 831 762 900; x_wconf 84' lang='lat' dir='ltr'><strong>Trium</strong></span> <span class='ocrx_word' id='word_1_55' title='bbox 777 834 1171 925; x_wconf 88' lang='lat' dir='ltr'>populorum</span> <span class='ocrx_word' id='word_1_56' title='bbox 1192 830 1513 901; x_wconf 89' lang='lat' dir='ltr'>exercitus</span> <span class='ocrx_word' id='word_1_57' title='bbox 1534 828 1622 898; x_wconf 87' lang='lat' dir='ltr'>ita</span> <span class='ocrx_word' id='word_1_58' title='bbox 1639 824 1815 898; x_wconf 90' lang='lat' dir='ltr'>stetit</span> <span class='ocrx_word' id='word_1_59' title='bbox 1835 825 2181 899; x_wconf 66' lang='lat' dir='ltr'>instructus</span> <span class='ocrx_word' id='word_1_60' title='bbox 2207 874 2229 910; x_wconf 90' lang='lat'>‚</span> <span class='ocrx_word' id='word_1_61' title='bbox 2260 850 2336 900; x_wconf 92' lang='lat' dir='ltr'>ut</span> 
     </span>
     <span class='ocr_line' id='line_1_9' title="bbox 374 921 2331 1009; baseline -0.002 -7"><span class='ocrx_word' id='word_1_62' title='bbox 374 930 678 1002; x_wconf 87' lang='lat' dir='ltr'>dextrum</span> <span class='ocrx_word' id='word_1_63' title='bbox 715 954 921 999; x_wconf 90' lang='lat' dir='ltr'>cornu</span> <span class='ocrx_word' id='word_1_64' title='bbox 965 930 1278 1002; x_wconf 89' lang='lat' dir='ltr'>Veientes</span> <span class='ocrx_word' id='word_1_65' title='bbox 1305 973 1326 1006; x_wconf 88' lang='lat'>‚</span> <span class='ocrx_word' id='word_1_66' title='bbox 1381 923 1696 997; x_wconf 76' lang='lat' dir='ltr'>sinistrum</span> <span class='ocrx_word' id='word_1_67' title='bbox 1737 921 1965 995; x_wconf 85' lang='lat' dir='ltr'><strong>Falisci</strong></span> <span class='ocrx_word' id='word_1_68' title='bbox 1997 949 2331 1009; x_wconf 54' lang='lat' dir='ltr'>tenerent»</span> 
     </span>
     <span class='ocr_line' id='line_1_10' title="bbox 378 1023 2330 1100; baseline -0.001 0"><span class='ocrx_word' id='word_1_69' title='bbox 378 1029 575 1100; x_wconf 87' lang='lat' dir='ltr'>medii</span> <span class='ocrx_word' id='word_1_70' title='bbox 596 1028 935 1100; x_wconf 79' lang='lat' dir='ltr'>Fidenates</span> <span class='ocrx_word' id='word_1_71' title='bbox 955 1023 1181 1098; x_wconf 79' lang='lat' dir='ltr'>essent.</span> <span class='ocrx_word' id='word_1_72' title='bbox 1205 1027 1517 1097; x_wconf 67' lang='lat' dir='ltr'>Distator</span> <span class='ocrx_word' id='word_1_73' title='bbox 1536 1025 1774 1097; x_wconf 85' lang='lat' dir='ltr'>dextro</span> <span class='ocrx_word' id='word_1_74' title='bbox 1792 1049 1996 1095; x_wconf 90' lang='lat' dir='ltr'>cornu</span> <span class='ocrx_word' id='word_1_75' title='bbox 2022 1023 2330 1098; x_wconf 85' lang='lat' dir='ltr'>adversus</span> 
     </span>
     <span class='ocr_line' id='line_1_11' title="bbox 377 1124 2330 1220; baseline -0.002 -21"><span class='ocrx_word' id='word_1_76' title='bbox 377 1124 660 1199; x_wconf 79' lang='lat' dir='ltr'><strong>Faliscos</strong></span> <span class='ocrx_word' id='word_1_77' title='bbox 679 1172 697 1205; x_wconf 84' lang='lat'>‚</span> <span class='ocrx_word' id='word_1_78' title='bbox 737 1124 989 1197; x_wconf 76' lang='lat' dir='ltr'>sinistro</span> <span class='ocrx_word' id='word_1_79' title='bbox 1020 1147 1251 1197; x_wconf 84' lang='lat' dir='ltr'>contra</span> <span class='ocrx_word' id='word_1_80' title='bbox 1279 1125 1636 1196; x_wconf 88' lang='lat' dir='ltr'>Veientem</span> <span class='ocrx_word' id='word_1_81' title='bbox 1662 1124 2079 1220; x_wconf 87' lang='lat' dir='ltr'>Capitolinus</span> <span class='ocrx_word' id='word_1_82' title='bbox 2104 1126 2330 1219; x_wconf 81' lang='lat' dir='ltr'>Qin-</span> 
     </span>
     <span class='ocr_line' id='line_1_12' title="bbox 376 1223 2333 1322; baseline -0.002 -25"><span class='ocrx_word' id='word_1_83' title='bbox 376 1227 500 1297; x_wconf 88' lang='lat' dir='ltr'>tius</span> <span class='ocrx_word' id='word_1_84' title='bbox 518 1227 736 1297; x_wconf 91' lang='lat' dir='ltr'>intulit</span> <span class='ocrx_word' id='word_1_85' title='bbox 759 1225 955 1322; x_wconf 84' lang='lat' dir='ltr'>signa.</span> <span class='ocrx_word' id='word_1_86' title='bbox 976 1247 1124 1294; x_wconf 89' lang='lat' dir='ltr'>ante</span> <span class='ocrx_word' id='word_1_87' title='bbox 1143 1223 1425 1296; x_wconf 87' lang='lat' dir='ltr'>mediam</span> <span class='ocrx_word' id='word_1_88' title='bbox 1458 1224 1663 1294; x_wconf 84' lang='lat' dir='ltr'><strong>aciem</strong></span> <span class='ocrx_word' id='word_1_89' title='bbox 1686 1249 1835 1293; x_wconf 92' lang='lat' dir='ltr'>cum</span> <span class='ocrx_word' id='word_1_90' title='bbox 1870 1224 2164 1321; x_wconf 86' lang='lat' dir='ltr'>equitatu</span> <span class='ocrx_word' id='word_1_91' title='bbox 2185 1250 2333 1294; x_wconf 61' lang='lat' dir='ltr'>ma*</span> 
     </span>
     <span class='ocr_line' id='line_1_13' title="bbox 428 1321 2324 1422; baseline 0 -30"><span class='ocrx_word' id='word_1_92' title='bbox 428 1323 577 1396; x_wconf 87' lang='lat' dir='ltr'>ister</span> <span class='ocrx_word' id='word_1_93' title='bbox 597 1324 892 1421; x_wconf 91' lang='lat' dir='ltr'>equitum</span> <span class='ocrx_word' id='word_1_94' title='bbox 920 1321 1252 1418; x_wconf 84' lang='lat' dir='ltr'>proceffit.</span> <span class='ocrx_word' id='word_1_95' title='bbox 1308 1331 1666 1419; x_wconf 87' lang='lat' dir='ltr'>Parumper</span> <span class='ocrx_word' id='word_1_96' title='bbox 1708 1321 2030 1393; x_wconf 80' lang='lat' dir='ltr'>silentium</span> <span class='ocrx_word' id='word_1_97' title='bbox 2051 1333 2115 1395; x_wconf 73' lang='grc' dir='ltr'>δι</span> <span class='ocrx_word' id='word_1_98' title='bbox 2137 1324 2324 1422; x_wconf 88' lang='lat' dir='ltr'>quies</span> 
     </span>
     <span class='ocr_line' id='line_1_14' title="bbox 375 1352 2327 1520; baseline -0.003 -26"><span class='ocrx_word' id='word_1_99' title='bbox 375 1352 497 1494; x_wconf 64' lang='lat' dir='ltr'>tsirit</span> <span class='ocrx_word' id='word_1_100' title='bbox 523 1449 679 1508; x_wconf 79' lang='lat' dir='ltr'>3nec</span> <span class='ocrx_word' id='word_1_101' title='bbox 703 1419 1010 1501; x_wconf 83' lang='lat' dir='ltr'>Etruscis.</span> <span class='ocrx_word' id='word_1_102' title='bbox 1037 1421 1149 1493; x_wconf 78' lang='lat' dir='ltr'>nisi</span> <span class='ocrx_word' id='word_1_103' title='bbox 1171 1443 1590 1520; x_wconf 85' lang='lat' dir='ltr'>cogerentur,</span> <span class='ocrx_word' id='word_1_104' title='bbox 1616 1446 1901 1520; x_wconf 89' lang='lat' dir='ltr'>pugnam</span> <span class='ocrx_word' id='word_1_105' title='bbox 1921 1421 2172 1502; x_wconf 78' lang='lat' dir='ltr'>inituris</span> <span class='ocrx_word' id='word_1_106' title='bbox 2197 1448 2218 1506; x_wconf 88' lang='lat'>;</span> <span class='ocrx_word' id='word_1_107' title='bbox 2254 1431 2327 1495; x_wconf 76' lang='grc' dir='ltr'>δε</span> 
     </span>
     <span class='ocr_line' id='line_1_15' title="bbox 375 1517 2336 1618; baseline -0.003 -25"><span class='ocrx_word' id='word_1_108' title='bbox 375 1522 699 1594; x_wconf 69' lang='grc' dir='ltr'>ἀίἃειτοτε</span> <span class='ocrx_word' id='word_1_109' title='bbox 734 1543 950 1593; x_wconf 83' lang='lat' dir='ltr'>arcem</span> <span class='ocrx_word' id='word_1_110' title='bbox 988 1525 1361 1594; x_wconf 86' lang='lat' dir='ltr'><strong>Romanam</strong></span> <span class='ocrx_word' id='word_1_111' title='bbox 1390 1517 1825 1618; x_wconf 57' lang='lat' dir='ltr'>respectante,</span> <span class='ocrx_word' id='word_1_112' title='bbox 1855 1531 1924 1589; x_wconf 83' lang='lat' dir='ltr'>ut</span> <span class='ocrx_word' id='word_1_113' title='bbox 1955 1520 2036 1588; x_wconf 92' lang='lat' dir='ltr'>ab</span> <span class='ocrx_word' id='word_1_114' title='bbox 2074 1519 2336 1618; x_wconf 82' lang='lat' dir='ltr'>auguri-</span> 
     </span>
     <span class='ocr_line' id='line_1_16' title="bbox 378 1616 2356 1714; baseline -0.001 -22"><span class='ocrx_word' id='word_1_115' title='bbox 378 1621 499 1692; x_wconf 83' lang='lat' dir='ltr'>bus</span> <span class='ocrx_word' id='word_1_116' title='bbox 522 1677 540 1702; x_wconf 87' lang='lat'>,</span> <span class='ocrx_word' id='word_1_117' title='bbox 583 1619 765 1690; x_wconf 72' lang='lat' dir='ltr'>simul</span> <span class='ocrx_word' id='word_1_118' title='bbox 800 1645 952 1691; x_wconf 88' lang='lat' dir='ltr'>aves</span> <span class='ocrx_word' id='word_1_119' title='bbox 988 1623 1109 1693; x_wconf 87' lang='lat' dir='ltr'>rite</span> <span class='ocrx_word' id='word_1_120' title='bbox 1130 1616 1542 1699; x_wconf 78' lang='lat' dir='ltr'>admisissent,</span> <span class='ocrx_word' id='word_1_121' title='bbox 1565 1644 1644 1690; x_wconf 87' lang='lat' dir='ltr'>ex</span> <span class='ocrx_word' id='word_1_122' title='bbox 1665 1617 2035 1714; x_wconf 80' lang='lat' dir='ltr'>composito</span> <span class='ocrx_word' id='word_1_123' title='bbox 2057 1621 2356 1690; x_wconf 57' lang='lat' dir='ltr'>tolleres-v</span> 
     </span>
     <span class='ocr_line' id='line_1_17' title="bbox 380 1716 2337 1815; baseline -0.001 -25"><span class='ocrx_word' id='word_1_124' title='bbox 380 1741 486 1790; x_wconf 90' lang='lat' dir='ltr'>tur</span> <span class='ocrx_word' id='word_1_125' title='bbox 508 1718 780 1815; x_wconf 81' lang='lat' dir='ltr'>(ignum.</span> <span class='ocrx_word' id='word_1_126' title='bbox 837 1719 1046 1813; x_wconf 84' lang='lat' dir='ltr'>Qod</span> <span class='ocrx_word' id='word_1_127' title='bbox 1080 1719 1191 1789; x_wconf 93' lang='lat' dir='ltr'>ubi</span> <span class='ocrx_word' id='word_1_128' title='bbox 1219 1716 1594 1814; x_wconf 84' lang='lat' dir='ltr'>conspexit,</span> <span class='ocrx_word' id='word_1_129' title='bbox 1633 1718 1884 1815; x_wconf 87' lang='lat' dir='ltr'>primos</span> <span class='ocrx_word' id='word_1_130' title='bbox 1918 1721 2177 1815; x_wconf 82' lang='lat' dir='ltr'>equites</span> <span class='ocrx_word' id='word_1_131' title='bbox 2198 1719 2337 1788; x_wconf 65' lang='lat' dir='ltr'>claa-</span> 
     </span>
     <span class='ocr_line' id='line_1_18' title="bbox 382 1815 2341 1914; baseline -0.002 -23"><span class='ocrx_word' id='word_1_132' title='bbox 382 1842 568 1891; x_wconf 85' lang='lat' dir='ltr'>more</span> <span class='ocrx_word' id='word_1_133' title='bbox 594 1815 844 1887; x_wconf 88' lang='lat' dir='ltr'>sublato</span> <span class='ocrx_word' id='word_1_134' title='bbox 865 1817 929 1886; x_wconf 92' lang='lat' dir='ltr'>in</span> <span class='ocrx_word' id='word_1_135' title='bbox 949 1817 1205 1888; x_wconf 88' lang='lat' dir='ltr'>hostem</span> <span class='ocrx_word' id='word_1_136' title='bbox 1220 1816 1455 1889; x_wconf 77' lang='lat' dir='ltr'>emisit.</span> <span class='ocrx_word' id='word_1_137' title='bbox 1495 1815 1712 1888; x_wconf 87' lang='lat' dir='ltr'>secuta</span> <span class='ocrx_word' id='word_1_138' title='bbox 1731 1817 2024 1914; x_wconf 88' lang='lat' dir='ltr'>peditum</span> <span class='ocrx_word' id='word_1_139' title='bbox 2045 1819 2213 1888; x_wconf 89' lang='lat' dir='ltr'>acies</span> <span class='ocrx_word' id='word_1_140' title='bbox 2236 1818 2341 1887; x_wconf 89' lang='lat' dir='ltr'>in-</span> 
     </span>
     <span class='ocr_line' id='line_1_19' title="bbox 382 1912 2339 2015; baseline -0.001 -29"><span class='ocrx_word' id='word_1_141' title='bbox 382 1917 569 2015; x_wconf 86' lang='lat' dir='ltr'>genti</span> <span class='ocrx_word' id='word_1_142' title='bbox 589 1916 652 1985; x_wconf 93' lang='lat' dir='ltr'>vi</span> <span class='ocrx_word' id='word_1_143' title='bbox 687 1913 1010 1986; x_wconf 84' lang='lat' dir='ltr'>conflixit.</span> <span class='ocrx_word' id='word_1_144' title='bbox 1060 1917 1267 1989; x_wconf 86' lang='lat' dir='ltr'>Nulla</span> <span class='ocrx_word' id='word_1_145' title='bbox 1292 1938 1477 2014; x_wconf 86' lang='lat' dir='ltr'>parte</span> <span class='ocrx_word' id='word_1_146' title='bbox 1506 1917 1804 2015; x_wconf 83' lang='lat' dir='ltr'>legiones</span> <span class='ocrx_word' id='word_1_147' title='bbox 1833 1912 2121 1986; x_wconf 82' lang='lat' dir='ltr'>Etruscae</span> <span class='ocrx_word' id='word_1_148' title='bbox 2149 1912 2339 1985; x_wconf 89' lang='lat' dir='ltr'>susti-</span> 
     </span>
     <span class='ocr_line' id='line_1_20' title="bbox 379 2012 2333 2114; baseline -0.001 -29"><span class='ocrx_word' id='word_1_149' title='bbox 379 2039 576 2086; x_wconf 85' lang='lat' dir='ltr'>nuere</span> <span class='ocrx_word' id='word_1_150' title='bbox 591 2016 910 2110; x_wconf 87' lang='lat' dir='ltr'>impetum</span> <span class='ocrx_word' id='word_1_151' title='bbox 931 2018 1409 2087; x_wconf 89' lang='lat' dir='ltr'>Romanorum.</span> <span class='ocrx_word' id='word_1_152' title='bbox 1433 2040 1638 2114; x_wconf 85' lang='lat' dir='ltr'>eques</span> <span class='ocrx_word' id='word_1_153' title='bbox 1658 2015 1942 2086; x_wconf 77' lang='lat' dir='ltr'><strong>maxime</strong></span> <span class='ocrx_word' id='word_1_154' title='bbox 1970 2012 2333 2095; x_wconf 80' lang='lat' dir='ltr'>resistebat,</span> 
     </span>
     <span class='ocr_line' id='line_1_21' title="bbox 379 2109 2329 2212; baseline 0.003 -32"><span class='ocrx_word' id='word_1_155' title='bbox 379 2114 811 2212; x_wconf 76' lang='lat' dir='ltr'>equitumque</span> <span class='ocrx_word' id='word_1_156' title='bbox 851 2114 1052 2212; x_wconf 85' lang='lat' dir='ltr'><strong>longe</strong></span> <span class='ocrx_word' id='word_1_157' title='bbox 1079 2109 1460 2187; x_wconf 83' lang='lat' dir='ltr'>fortiffimus</span> <span class='ocrx_word' id='word_1_158' title='bbox 1496 2110 1631 2212; x_wconf 89' lang='lat' dir='ltr'>ipse</span> <span class='ocrx_word' id='word_1_159' title='bbox 1669 2139 1781 2185; x_wconf 84' lang='lat' dir='ltr'>rex</span> <span class='ocrx_word' id='word_1_160' title='bbox 1814 2115 1897 2186; x_wconf 90' lang='lat' dir='ltr'>ab</span> <span class='ocrx_word' id='word_1_161' title='bbox 1928 2113 2113 2183; x_wconf 88' lang='lat' dir='ltr'>omni</span> <span class='ocrx_word' id='word_1_162' title='bbox 2144 2133 2329 2212; x_wconf 86' lang='lat' dir='ltr'>parte</span> 
     </span>
     <span class='ocr_line' id='line_1_22' title="bbox 382 2208 2365 2314; baseline 0.002 -31"><span class='ocrx_word' id='word_1_163' title='bbox 382 2208 579 2283; x_wconf 80' lang='lat' dir='ltr'>effuse</span> <span class='ocrx_word' id='word_1_164' title='bbox 601 2209 1015 2308; x_wconf 84' lang='lat' dir='ltr'>sequentibus</span> <span class='ocrx_word' id='word_1_165' title='bbox 1039 2213 1431 2314; x_wconf 88' lang='lat' dir='ltr'>obequitans</span> <span class='ocrx_word' id='word_1_166' title='bbox 1451 2216 1776 2287; x_wconf 89' lang='lat' dir='ltr'>Romanis</span> <span class='ocrx_word' id='word_1_167' title='bbox 1795 2259 1816 2293; x_wconf 89' lang='lat'>,</span> <span class='ocrx_word' id='word_1_168' title='bbox 1849 2212 2152 2285; x_wconf 84' lang='lat' dir='ltr'>trahebat</span> <span class='ocrx_word' id='word_1_169' title='bbox 2185 2238 2334 2284; x_wconf 87' lang='lat' dir='ltr'>cer-</span> <span class='ocrx_word' id='word_1_170' title='bbox 2361 2284 2365 2287; x_wconf 83' lang='lat'><em>.</em></span> 
     </span>
     <span class='ocr_line' id='line_1_23' title="bbox 282 2312 2326 2412; baseline 0.001 -33"><span class='ocrx_word' id='word_1_171' title='bbox 282 2329 361 2401; x_wconf 89' lang='lat'>19</span> <span class='ocrx_word' id='word_1_172' title='bbox 384 2333 628 2381; x_wconf 84' lang='lat' dir='ltr'>tamen.</span> <span class='ocrx_word' id='word_1_173' title='bbox 674 2314 833 2382; x_wconf 86' lang='lat' dir='ltr'>Erat</span> <span class='ocrx_word' id='word_1_174' title='bbox 892 2333 1030 2383; x_wconf 88' lang='lat' dir='ltr'>tum</span> <span class='ocrx_word' id='word_1_175' title='bbox 1062 2313 1232 2385; x_wconf 90' lang='lat' dir='ltr'>inter</span> <span class='ocrx_word' id='word_1_176' title='bbox 1265 2314 1522 2412; x_wconf 89' lang='lat' dir='ltr'>equites</span> <span class='ocrx_word' id='word_1_177' title='bbox 1560 2312 1857 2384; x_wconf 86' lang='lat' dir='ltr'>tribunus</span> <span class='ocrx_word' id='word_1_178' title='bbox 1911 2312 2192 2383; x_wconf 90' lang='lat' dir='ltr'>militum</span> <span class='ocrx_word' id='word_1_179' title='bbox 2232 2313 2326 2382; x_wconf 86' lang='lat' dir='ltr'>A.</span> 
     </span>
     <span class='ocr_line' id='line_1_24' title="bbox 385 2407 2335 2510; baseline -0.003 -27"><span class='ocrx_word' id='word_1_180' title='bbox 385 2410 737 2483; x_wconf 88' lang='lat' dir='ltr'>Cornelius</span> <span class='ocrx_word' id='word_1_181' title='bbox 763 2407 1275 2495; x_wconf 81' lang='lat' dir='ltr'>Coffus‚eximia</span> <span class='ocrx_word' id='word_1_182' title='bbox 1295 2412 1775 2510; x_wconf 85' lang='lat' dir='ltr'>pulchritudine</span> <span class='ocrx_word' id='word_1_183' title='bbox 1815 2412 2152 2508; x_wconf 78' lang='lat' dir='ltr'>corporis,</span> <span class='ocrx_word' id='word_1_184' title='bbox 2189 2409 2335 2479; x_wconf 88' lang='lat' dir='ltr'>ani-</span> 
     </span>
     <span class='ocr_line' id='line_1_25' title="bbox 383 2507 2334 2610; baseline -0.001 -29"><span class='ocrx_word' id='word_1_185' title='bbox 383 2534 498 2581; x_wconf 93' lang='lat' dir='ltr'>mo</span> <span class='ocrx_word' id='word_1_186' title='bbox 519 2533 591 2580; x_wconf 87' lang='lat' dir='ltr'>ac</span> <span class='ocrx_word' id='word_1_187' title='bbox 608 2509 849 2595; x_wconf 86' lang='lat' dir='ltr'>viribus</span> <span class='ocrx_word' id='word_1_188' title='bbox 875 2536 1023 2607; x_wconf 85' lang='lat' dir='ltr'>par,</span> <span class='ocrx_word' id='word_1_189' title='bbox 1045 2516 1435 2610; x_wconf 87' lang='lat' dir='ltr'>memorque</span> <span class='ocrx_word' id='word_1_190' title='bbox 1512 2513 1730 2585; x_wconf 66' lang='lat' dir='ltr'>⁴eneris</span> <span class='ocrx_word' id='word_1_191' title='bbox 1750 2557 1771 2590; x_wconf 89' lang='lat'>‚</span> <span class='ocrx_word' id='word_1_192' title='bbox 1815 2512 1993 2609; x_wconf 89' lang='lat' dir='ltr'>quod</span> <span class='ocrx_word' id='word_1_193' title='bbox 2020 2507 2334 2607; x_wconf 82' lang='lat' dir='ltr'>ampliffi·</span> 
     </span>
     <span class='ocr_line' id='line_1_26' title="bbox 383 2541 2332 2711; baseline -0.001 -32"><span class='ocrx_word' id='word_1_194' title='bbox 383 2634 561 2679; x_wconf 89' lang='lat' dir='ltr'>mum</span> <span class='ocrx_word' id='word_1_195' title='bbox 581 2631 959 2705; x_wconf 87' lang='lat' dir='ltr'>acceptum,</span> <span class='ocrx_word' id='word_1_196' title='bbox 999 2615 1205 2704; x_wconf 85' lang='lat' dir='ltr'>majus</span> <span class='ocrx_word' id='word_1_197' title='bbox 1239 2541 1609 2711; x_wconf 37' lang='lat' dir='ltr'>auctiusque</span> <span class='ocrx_word' id='word_1_198' title='bbox 1642 2612 1905 2710; x_wconf 87' lang='lat' dir='ltr'>reliquit</span> <span class='ocrx_word' id='word_1_199' title='bbox 1932 2609 2233 2707; x_wconf 87' lang='lat' dir='ltr'>posteris.</span> <span class='ocrx_word' id='word_1_200' title='bbox 2276 2610 2332 2677; x_wconf 88' lang='lat' dir='ltr'>is</span> 
     </span>
     <span class='ocr_line' id='line_1_27' title="bbox 379 2704 2336 2808; baseline -0.001 -30"><span class='ocrx_word' id='word_1_201' title='bbox 379 2734 580 2806; x_wconf 90' lang='lat' dir='ltr'>quum</span> <span class='ocrx_word' id='word_1_202' title='bbox 605 2708 683 2779; x_wconf 86' lang='lat' dir='ltr'>ad</span> <span class='ocrx_word' id='word_1_203' title='bbox 703 2709 1023 2805; x_wconf 87' lang='lat' dir='ltr'>impetum</span> <span class='ocrx_word' id='word_1_204' title='bbox 1045 2712 1416 2793; x_wconf 89' lang='lat' dir='ltr'>Tolumnii,</span> <span class='ocrx_word' id='word_1_205' title='bbox 1441 2735 1828 2808; x_wconf 86' lang='lat' dir='ltr'>quacunque</span> <span class='ocrx_word' id='word_1_206' title='bbox 1851 2704 1911 2779; x_wconf 89' lang='lat' dir='ltr'>se</span> <span class='ocrx_word' id='word_1_207' title='bbox 1937 2704 2336 2786; x_wconf 78' lang='lat' dir='ltr'>intendisset,</span> 
     </span>
     <span class='ocr_line' id='line_1_28' title="bbox 378 2807 2333 2903; baseline -0.002 -27"><span class='ocrx_word' id='word_1_208' title='bbox 378 2807 782 2902; x_wconf 81' lang='lat' dir='ltr'>trepidantes</span> <span class='ocrx_word' id='word_1_209' title='bbox 810 2810 1142 2880; x_wconf 83' lang='lat' dir='ltr'>Romanas</span> <span class='ocrx_word' id='word_1_210' title='bbox 1161 2811 1411 2880; x_wconf 88' lang='lat' dir='ltr'>videret</span> <span class='ocrx_word' id='word_1_211' title='bbox 1432 2832 1675 2879; x_wconf 86' lang='lat' dir='ltr'>turmas</span> <span class='ocrx_word' id='word_1_212' title='bbox 1684 2807 2159 2903; x_wconf 77' lang='lat' dir='ltr'>,insignemque</span> <span class='ocrx_word' id='word_1_213' title='bbox 2178 2829 2333 2874; x_wconf 90' lang='lat' dir='ltr'>eum</span> 
     </span>
     <span class='ocr_line' id='line_1_29' title="bbox 385 2900 2336 3003; baseline -0.002 -29"><span class='ocrx_word' id='word_1_214' title='bbox 385 2907 568 3003; x_wconf 84' lang='lat' dir='ltr'>regio</span> <span class='ocrx_word' id='word_1_215' title='bbox 593 2904 815 2976; x_wconf 84' lang='lat' dir='ltr'>habitu</span> <span class='ocrx_word' id='word_1_216' title='bbox 856 2909 1244 2977; x_wconf 85' lang='lat' dir='ltr'>volitantem</span> <span class='ocrx_word' id='word_1_217' title='bbox 1266 2929 1409 2977; x_wconf 88' lang='lat' dir='ltr'>tota</span> <span class='ocrx_word' id='word_1_218' title='bbox 1431 2908 1569 2977; x_wconf 82' lang='lat' dir='ltr'>acie</span> <span class='ocrx_word' id='word_1_219' title='bbox 1605 2900 2011 3003; x_wconf 78' lang='lat' dir='ltr'>cognovilset</span> <span class='ocrx_word' id='word_1_220' title='bbox 2030 2947 2051 2980; x_wconf 88' lang='lat'>‚</span> <span class='ocrx_word' id='word_1_221' title='bbox 2094 2904 2336 2970; x_wconf 78' lang='lat' dir='ltr'>Htccine</span> 
     </span>
     <span class='ocr_line' id='line_1_30' title="bbox 381 2999 2328 3101; baseline -0.002 -30"><span class='ocrx_word' id='word_1_222' title='bbox 381 3001 474 3094; x_wconf 84' lang='lat' dir='ltr'>est,</span> <span class='ocrx_word' id='word_1_223' title='bbox 505 3004 714 3101; x_wconf 91' lang='lat' dir='ltr'>inquit</span> <span class='ocrx_word' id='word_1_224' title='bbox 733 3048 753 3082; x_wconf 86' lang='lat'>‚</span> <span class='ocrx_word' id='word_1_225' title='bbox 787 3023 977 3096; x_wconf 77' lang='lat' dir='ltr'>ruptor</span> <span class='ocrx_word' id='word_1_226' title='bbox 986 3001 1219 3093; x_wconf 80' lang='lat' dir='ltr'>foederis</span> <span class='ocrx_word' id='word_1_227' title='bbox 1248 3007 1480 3074; x_wconf 71' lang='lat' dir='ltr'>humani</span> <span class='ocrx_word' id='word_1_228' title='bbox 1497 3006 1840 3093; x_wconf 78' lang='lat' dir='ltr'>violatorque</span> <span class='ocrx_word' id='word_1_229' title='bbox 1845 3004 2106 3091; x_wconf 81' lang='lat' dir='ltr'>gentium</span> <span class='ocrx_word' id='word_1_230' title='bbox 2114 2999 2267 3093; x_wconf 77' lang='lat' dir='ltr'>juris</span> <span class='ocrx_word' id='word_1_231' title='bbox 2290 3005 2328 3068; x_wconf 61' lang='grc' dir='ltr'><em>ἰ</em></span> 
     </span>
     <span class='ocr_line' id='line_1_31' title="bbox 380 3095 2334 3203; baseline -0.002 -34"><span class='ocrx_word' id='word_1_232' title='bbox 380 3106 531 3203; x_wconf 67' lang='lat' dir='ltr'>Jam</span> <span class='ocrx_word' id='word_1_233' title='bbox 552 3126 647 3192; x_wconf 83' lang='lat' dir='ltr'>ego</span> <span class='ocrx_word' id='word_1_234' title='bbox 664 3103 808 3168; x_wconf 75' lang='lat' dir='ltr'>hanc</span> <span class='ocrx_word' id='word_1_235' title='bbox 825 3108 1137 3177; x_wconf 47' lang='lat' dir='ltr'>maritatam</span> <span class='ocrx_word' id='word_1_236' title='bbox 1157 3106 1446 3173; x_wconf 62' lang='lat' dir='ltr'>vistinzam</span> <span class='ocrx_word' id='word_1_237' title='bbox 1466 3146 1486 3181; x_wconf 87' lang='lat'>,</span> <span class='ocrx_word' id='word_1_238' title='bbox 1529 3102 1610 3196; x_wconf 80' lang='lat' dir='ltr'>&lt;fi</span> <span class='ocrx_word' id='word_1_239' title='bbox 1633 3104 1788 3171; x_wconf 87' lang='lat' dir='ltr'>modo</span> <span class='ocrx_word' id='word_1_240' title='bbox 1813 3095 1995 3193; x_wconf 63' lang='lat' dir='ltr'>favisti</span> <span class='ocrx_word' id='word_1_241' title='bbox 2028 3099 2334 3187; x_wconf 81' lang='lat' dir='ltr'>quicquam</span> 
     </span>
     <span class='ocr_line' id='line_1_32' title="bbox 384 3196 2333 3293; baseline -0.002 -24"><span class='ocrx_word' id='word_1_242' title='bbox 384 3208 446 3269; x_wconf 75' lang='lat' dir='ltr'>in</span> <span class='ocrx_word' id='word_1_243' title='bbox 467 3210 628 3269; x_wconf 70' lang='lat' dir='ltr'>terris</span> <span class='ocrx_word' id='word_1_244' title='bbox 644 3199 741 3293; x_wconf 79' lang='lat' dir='ltr'>effe</span> <span class='ocrx_word' id='word_1_245' title='bbox 758 3203 861 3269; x_wconf 77' lang='lat' dir='ltr'>Dii</span> <span class='ocrx_word' id='word_1_246' title='bbox 878 3202 1068 3269; x_wconf 80' lang='lat' dir='ltr'>volunt</span> <span class='ocrx_word' id='word_1_247' title='bbox 1084 3203 1106 3283; x_wconf 91' lang='lat'>)</span> <span class='ocrx_word' id='word_1_248' title='bbox 1131 3204 1444 3293; x_wconf 82' lang='lat' dir='ltr'>legatorum</span> <span class='ocrx_word' id='word_1_249' title='bbox 1459 3201 1709 3270; x_wconf 72' lang='lat' dir='ltr'>manibus</span> <span class='ocrx_word' id='word_1_250' title='bbox 1727 3200 1886 3269; x_wconf 83' lang='lat' dir='ltr'>dabo.</span> <span class='ocrx_word' id='word_1_251' title='bbox 1940 3196 2333 3269; x_wconf 71' lang='lat' dir='ltr'>Calcat-ibus</span> 
     </span>
     <span class='ocr_line' id='line_1_33' title="bbox 383 3295 2331 3395; baseline -0.002 -26"><span class='ocrx_word' id='word_1_252' title='bbox 383 3296 654 3369; x_wconf 87' lang='lat' dir='ltr'>subditis</span> <span class='ocrx_word' id='word_1_253' title='bbox 694 3297 923 3368; x_wconf 74' lang='lat' dir='ltr'>infesta</span> <span class='ocrx_word' id='word_1_254' title='bbox 961 3296 1219 3395; x_wconf 86' lang='lat' dir='ltr'>cuspide</span> <span class='ocrx_word' id='word_1_255' title='bbox 1255 3302 1321 3369; x_wconf 93' lang='lat' dir='ltr'>in</span> <span class='ocrx_word' id='word_1_256' title='bbox 1356 3326 1553 3370; x_wconf 88' lang='lat' dir='ltr'>unum</span> <span class='ocrx_word' id='word_1_257' title='bbox 1582 3297 1783 3371; x_wconf 86' lang='lat' dir='ltr'>fertur</span> <span class='ocrx_word' id='word_1_258' title='bbox 1804 3295 2091 3369; x_wconf 86' lang='lat' dir='ltr'><strong>hostem.</strong></span> <span class='ocrx_word' id='word_1_259' title='bbox 2128 3319 2331 3391; x_wconf 88' lang='lat' dir='ltr'>quem</span> 
     </span>
     <span class='ocr_line' id='line_1_34' title="bbox 382 3391 2338 3497; baseline -0.002 -29"><span class='ocrx_word' id='word_1_260' title='bbox 382 3425 585 3497; x_wconf 90' lang='lat' dir='ltr'>quum</span> <span class='ocrx_word' id='word_1_261' title='bbox 608 3399 810 3468; x_wconf 66' lang='lat' dir='ltr'>istum</span> <span class='ocrx_word' id='word_1_262' title='bbox 844 3424 1022 3497; x_wconf 90' lang='lat' dir='ltr'>equo</span> <span class='ocrx_word' id='word_1_263' title='bbox 1055 3395 1379 3490; x_wconf 73' lang='lat' dir='ltr'>dejecisset</span> <span class='ocrx_word' id='word_1_264' title='bbox 1401 3429 1419 3485; x_wconf 84' lang='lat'><em>3</em></span> <span class='ocrx_word' id='word_1_265' title='bbox 1444 3395 1868 3471; x_wconf 85' lang='lat' dir='ltr'>confestim&amp;</span> <span class='ocrx_word' id='word_1_266' title='bbox 1890 3391 2338 3496; x_wconf 82' lang='lat' dir='ltr'>ipsebastain-</span> 
     </span>
     <span class='ocr_line' id='line_1_35' title="bbox 386 3495 2343 3598; baseline -0.002 -32"><span class='ocrx_word' id='word_1_267' title='bbox 386 3500 601 3580; x_wconf 74' lang='lat' dir='ltr'>nixuS,</span> <span class='ocrx_word' id='word_1_268' title='bbox 622 3495 682 3567; x_wconf 89' lang='lat' dir='ltr'>se</span> <span class='ocrx_word' id='word_1_269' title='bbox 701 3498 765 3566; x_wconf 92' lang='lat' dir='ltr'>in</span> <span class='ocrx_word' id='word_1_270' title='bbox 787 3500 986 3593; x_wconf 85' lang='lat' dir='ltr'>pedes</span> <span class='ocrx_word' id='word_1_271' title='bbox 1010 3501 1271 3596; x_wconf 85' lang='lat' dir='ltr'>excipit.</span> <span class='ocrx_word' id='word_1_272' title='bbox 1328 3495 1786 3598; x_wconf 79' lang='lat' dir='ltr'>Assurgentem</span> <span class='ocrx_word' id='word_1_273' title='bbox 1823 3497 1915 3566; x_wconf 90' lang='lat' dir='ltr'>ibi</span> <span class='ocrx_word' id='word_1_274' title='bbox 1947 3518 2170 3593; x_wconf 88' lang='lat' dir='ltr'>regem</span> <span class='ocrx_word' id='word_1_275' title='bbox 2193 3518 2343 3563; x_wconf 87' lang='lat' dir='ltr'>um·</span> 
     </span>
     <span class='ocr_line' id='line_1_36' title="bbox 387 3588 2337 3697; baseline -0.001 -33"><span class='ocrx_word' id='word_1_276' title='bbox 387 3595 565 3665; x_wconf 90' lang='lat' dir='ltr'>bone</span> <span class='ocrx_word' id='word_1_277' title='bbox 587 3588 931 3693; x_wconf 87' lang='lat' dir='ltr'>resupinat,</span> <span class='ocrx_word' id='word_1_278' title='bbox 960 3600 1444 3697; x_wconf 87' lang='lat' dir='ltr'>repetitumque</span> <span class='ocrx_word' id='word_1_279' title='bbox 1467 3598 1542 3669; x_wconf 80' lang='lat' dir='ltr'>sae</span> <span class='ocrx_word' id='word_1_280' title='bbox 1552 3599 1690 3694; x_wconf 88' lang='lat' dir='ltr'>pius</span> <span class='ocrx_word' id='word_1_281' title='bbox 1710 3595 1968 3694; x_wconf 85' lang='lat' dir='ltr'>cuspide</span> <span class='ocrx_word' id='word_1_282' title='bbox 1992 3595 2070 3664; x_wconf 88' lang='lat' dir='ltr'>ad</span> <span class='ocrx_word' id='word_1_283' title='bbox 2093 3614 2337 3663; x_wconf 84' lang='lat' dir='ltr'>terram</span> 
     </span>
    </p>
   </div>
   <div class='ocr_carea' id='block_1_2' title="bbox 386 3689 2339 3866">
    <p class='ocr_par' dir='ltr' id='par_1_2' title="bbox 386 3689 2339 3866">
     <span class='ocr_line' id='line_1_37' title="bbox 386 3689 2339 3866; baseline 0 -103"><span class='ocrx_word' id='word_1_284' title='bbox 386 3693 616 3809; x_wconf 80' lang='lat' dir='ltr'>affixit.</span> <span class='ocrx_word' id='word_1_285' title='bbox 666 3716 806 3769; x_wconf 89' lang='lat' dir='ltr'>tum</span> <span class='ocrx_word' id='word_1_286' title='bbox 857 3694 1165 3801; x_wconf 81' lang='lat' dir='ltr'>exsangui</span> <span class='ocrx_word' id='word_1_287' title='bbox 1222 3698 1516 3771; x_wconf 63' lang='lat' dir='ltr'>detrafim</span> <span class='ocrx_word' id='word_1_288' title='bbox 1552 3696 1798 3796; x_wconf 86' lang='lat' dir='ltr'>spolia,</span> <span class='ocrx_word' id='word_1_289' title='bbox 1841 3689 2339 3866; x_wconf 48' lang='lat' dir='ltr'>caputqiucritffgtlg</span> 
     </span>
    </p>
   </div>
  </div>
 </body>
</html>
