<?xml version="1.0" encoding="UTF-8"?>
<!DOCTYPE html PUBLIC "-//W3C//DTD XHTML 1.0 Transitional//EN"
    "http://www.w3.org/TR/xhtml1/DTD/xhtml1-transitional.dtd">
<html xmlns="http://www.w3.org/1999/xhtml" xml:lang="en" lang="en">
 <head>
  <title>
</title>
<meta http-equiv="Content-Type" content="text/html;charset=utf-8" />
  <meta name='ocr-system' content='tesseract 3.04.00' />
  <meta name='ocr-capabilities' content='ocr_page ocr_carea ocr_par ocr_line ocrx_word'/>
</head>
<body>
  <div class='ocr_page' id='page_1' title='image "./titiliviihistor00grongoog_0419.png"; bbox 0 0 2593 4366; ppageno 0'>
   <div class='ocr_carea' id='block_1_1' title="bbox 135 111 2331 3667">
    <p class='ocr_par' dir='ltr' id='par_1_1' title="bbox 159 111 2311 618">
     <span class='ocr_line' id='line_1_1' title="bbox 159 111 2201 222; baseline 0.003 -28"><span class='ocrx_word' id='word_1_1' title='bbox 159 194 164 200; x_wconf 86' lang='grc'><strong>,</strong></span> <span class='ocrx_word' id='word_1_2' title='bbox 887 111 956 196; x_wconf 68' lang='lat' dir='ltr'><strong>Z</strong></span> <span class='ocrx_word' id='word_1_3' title='bbox 1011 140 1044 190; x_wconf 84' lang='grc' dir='ltr'><strong>ι</strong></span> <span class='ocrx_word' id='word_1_4' title='bbox 1093 143 1134 193; x_wconf 72' lang='grc' dir='ltr'>ι</span> <span class='ocrx_word' id='word_1_5' title='bbox 1178 145 1222 194; x_wconf 75' lang='lat' dir='ltr'>n</span> <span class='ocrx_word' id='word_1_6' title='bbox 1268 136 1321 196; x_wconf 73' lang='lat' dir='ltr'>rt</span> <span class='ocrx_word' id='word_1_7' title='bbox 1415 123 1451 192; x_wconf 91' lang='lat'>1</span> <span class='ocrx_word' id='word_1_8' title='bbox 1470 121 1567 196; x_wconf 80' lang='lat' dir='ltr'>V.</span> <span class='ocrx_word' id='word_1_9' title='bbox 2064 143 2201 222; x_wconf 68' lang='lat'>351</span> 
     </span>
     <span class='ocr_line' id='line_1_2' title="bbox 187 215 2197 321; baseline -0.001 -21"><span class='ocrx_word' id='word_1_10' title='bbox 187 217 399 300; x_wconf 66' lang='grc' dir='ltr'>ἱοεῖε</span> <span class='ocrx_word' id='word_1_11' title='bbox 467 244 665 321; x_wconf 84' lang='lat' dir='ltr'>ugna,</span> <span class='ocrx_word' id='word_1_12' title='bbox 685 215 755 291; x_wconf 86' lang='lat' dir='ltr'>in</span> <span class='ocrx_word' id='word_1_13' title='bbox 773 246 916 319; x_wconf 83' lang='lat' dir='ltr'>quae</span> <span class='ocrx_word' id='word_1_14' title='bbox 937 222 1350 318; x_wconf 86' lang='lat' dir='ltr'>eosimpetus</span> <span class='ocrx_word' id='word_1_15' title='bbox 1374 223 1565 293; x_wconf 80' lang='lat' dir='ltr'>tulit:</span> <span class='ocrx_word' id='word_1_16' title='bbox 1595 247 1719 295; x_wconf 86' lang='lat' dir='ltr'>nec</span> <span class='ocrx_word' id='word_1_17' title='bbox 1738 221 2006 297; x_wconf 79' lang='lat' dir='ltr'>dubium</span> <span class='ocrx_word' id='word_1_18' title='bbox 2026 250 2197 312; x_wconf 83' lang='lat' dir='ltr'>erat,</span> 
     </span>
     <span class='ocr_line' id='line_1_3' title="bbox 203 322 2203 426; baseline 0.001 -31"><span class='ocrx_word' id='word_1_19' title='bbox 203 327 392 426; x_wconf 86' lang='lat' dir='ltr'>quin</span> <span class='ocrx_word' id='word_1_20' title='bbox 431 348 452 394; x_wconf 86' lang='grc' dir='ltr'>ι</span> <span class='ocrx_word' id='word_1_21' title='bbox 476 344 609 393; x_wconf 88' lang='lat' dir='ltr'>tam</span> <span class='ocrx_word' id='word_1_22' title='bbox 632 325 820 416; x_wconf 89' lang='lat' dir='ltr'>pauci</span> <span class='ocrx_word' id='word_1_23' title='bbox 839 322 1021 393; x_wconf 72' lang='lat' dir='ltr'>srmul</span> <span class='ocrx_word' id='word_1_24' title='bbox 1049 322 1238 392; x_wconf 90' lang='lat' dir='ltr'>obire</span> <span class='ocrx_word' id='word_1_25' title='bbox 1259 324 1481 392; x_wconf 87' lang='lat' dir='ltr'>&#39;omnia</span> <span class='ocrx_word' id='word_1_26' title='bbox 1504 322 1784 418; x_wconf 80' lang='lat' dir='ltr'>poss&#39;ent,</span> <span class='ocrx_word' id='word_1_27' title='bbox 1808 349 1908 395; x_wconf 89' lang='lat' dir='ltr'>ter</span> <span class='ocrx_word' id='word_1_28' title='bbox 1955 351 1991 395; x_wconf 88' lang='lat' dir='ltr'>a</span> <span class='ocrx_word' id='word_1_29' title='bbox 2011 327 2203 398; x_wconf 89' lang='lat' dir='ltr'>datu-</span> 
     </span>
     <span class='ocr_line' id='line_1_4' title="bbox 210 353 2311 521; baseline -0.002 -21"><span class='ocrx_word' id='word_1_30' title='bbox 210 421 530 500; x_wconf 76' lang='lat' dir='ltr'>rihostes</span> <span class='ocrx_word' id='word_1_31' title='bbox 571 416 833 490; x_wconf 83' lang='lat' dir='ltr'>fuerint.</span> <span class='ocrx_word' id='word_1_32' title='bbox 887 424 976 492; x_wconf 89' lang='lat' dir='ltr'>Et</span> <span class='ocrx_word' id='word_1_33' title='bbox 1052 446 1202 492; x_wconf 89' lang='lat' dir='ltr'>uum</span> <span class='ocrx_word' id='word_1_34' title='bbox 1230 421 1362 512; x_wconf 85' lang='lat' dir='ltr'>jam</span> <span class='ocrx_word' id='word_1_35' title='bbox 1383 443 1566 518; x_wconf 90' lang='lat' dir='ltr'>parte</span> <span class='ocrx_word' id='word_1_36' title='bbox 1596 425 1773 493; x_wconf 89' lang='lat' dir='ltr'>nulla</span> <span class='ocrx_word' id='word_1_37' title='bbox 1813 353 2193 496; x_wconf 54' lang='lat' dir='ltr'>susfineren·</span> <span class='ocrx_word' id='word_1_38' title='bbox 2221 446 2311 521; x_wconf 80' lang='lat'>39</span> 
     </span>
     <span class='ocr_line' id='line_1_5' title="bbox 212 518 2199 618; baseline -0.001 -22"><span class='ocrx_word' id='word_1_39' title='bbox 212 546 377 604; x_wconf 81' lang='lat' dir='ltr'>tur,</span> <span class='ocrx_word' id='word_1_40' title='bbox 410 522 527 593; x_wconf 86' lang='lat' dir='ltr'>dat</span> <span class='ocrx_word' id='word_1_41' title='bbox 559 518 810 618; x_wconf 82' lang='lat' dir='ltr'>signum</span> <span class='ocrx_word' id='word_1_42' title='bbox 841 521 983 593; x_wconf 79' lang='lat' dir='ltr'>vol</span> <span class='ocrx_word' id='word_1_43' title='bbox 1016 520 1106 590; x_wconf 87' lang='lat' dir='ltr'>cis</span> <span class='ocrx_word' id='word_1_44' title='bbox 1128 521 1510 617; x_wconf 87' lang='lat' dir='ltr'>imperator,</span> <span class='ocrx_word' id='word_1_45' title='bbox 1532 540 1600 589; x_wconf 89' lang='lat' dir='ltr'>ut</span> <span class='ocrx_word' id='word_1_46' title='bbox 1622 525 1929 618; x_wconf 86' lang='lat' dir='ltr'>parmatis</span> <span class='ocrx_word' id='word_1_47' title='bbox 1955 569 1976 603; x_wconf 88' lang='lat'>,</span> <span class='ocrx_word' id='word_1_48' title='bbox 2006 548 2199 596; x_wconf 83' lang='lat' dir='ltr'>novae</span> 
     </span>
    </p>

    <p class='ocr_par' dir='ltr' id='par_1_2' title="bbox 217 617 2378 3084">
     <span class='ocr_line' id='line_1_6' title="bbox 217 617 2197 717; baseline -0.002 -22"><span class='ocrx_word' id='word_1_49' title='bbox 217 620 503 696; x_wconf 75' lang='lat' dir='ltr'>cohorti</span> <span class='ocrx_word' id='word_1_50' title='bbox 522 617 812 690; x_wconf 85' lang='lat' dir='ltr'>hostium</span> <span class='ocrx_word' id='word_1_51' title='bbox 834 621 1019 690; x_wconf 85' lang='lat' dir='ltr'>locus</span> <span class='ocrx_word' id='word_1_52' title='bbox 1041 619 1234 690; x_wconf 90' lang='lat' dir='ltr'>detur</span> <span class='ocrx_word' id='word_1_53' title='bbox 1251 651 1275 711; x_wconf 78' lang='lat'><em>3</em></span> <span class='ocrx_word' id='word_1_54' title='bbox 1292 618 1505 691; x_wconf 87' lang='lat' dir='ltr'>donec</span> <span class='ocrx_word' id='word_1_55' title='bbox 1526 619 1774 717; x_wconf 84' lang='lat' dir='ltr'>impetu</span> <span class='ocrx_word' id='word_1_56' title='bbox 1790 623 1955 693; x_wconf 84' lang='lat' dir='ltr'>illati</span> <span class='ocrx_word' id='word_1_57' title='bbox 1970 622 2052 692; x_wconf 87' lang='lat' dir='ltr'>ab</span> <span class='ocrx_word' id='word_1_58' title='bbox 2074 620 2197 694; x_wconf 76' lang='lat' dir='ltr'>suis</span> 
     </span>
     <span class='ocr_line' id='line_1_7' title="bbox 224 715 2197 819; baseline -0.001 -25"><span class='ocrx_word' id='word_1_59' title='bbox 224 725 694 794; x_wconf 74' lang='lat' dir='ltr'><strong>excludantur.</strong></span> <span class='ocrx_word' id='word_1_60' title='bbox 742 718 952 813; x_wconf 81' lang='lat' dir='ltr'>Qod</span> <span class='ocrx_word' id='word_1_61' title='bbox 978 718 1088 789; x_wconf 87' lang='lat' dir='ltr'>ubi</span> <span class='ocrx_word' id='word_1_62' title='bbox 1118 718 1213 791; x_wconf 88' lang='lat' dir='ltr'>est</span> <span class='ocrx_word' id='word_1_63' title='bbox 1234 715 1477 789; x_wconf 57' lang='lat' dir='ltr'>factum</span> <span class='ocrx_word' id='word_1_64' title='bbox 1500 764 1520 797; x_wconf 86' lang='lat'>‚</span> <span class='ocrx_word' id='word_1_65' title='bbox 1554 718 1879 792; x_wconf 75' lang='lat' dir='ltr'>interclusi</span> <span class='ocrx_word' id='word_1_66' title='bbox 1912 721 2197 819; x_wconf 73' lang='lat' dir='ltr'>equite3‚</span> 
     </span>
     <span class='ocr_line' id='line_1_8' title="bbox 232 815 2205 916; baseline 0 -25"><span class='ocrx_word' id='word_1_67' title='bbox 232 843 368 897; x_wconf 75' lang='lat' dir='ltr'>nec</span> <span class='ocrx_word' id='word_1_68' title='bbox 389 841 806 916; x_wconf 82' lang='lat' dir='ltr'>perrumpere</span> <span class='ocrx_word' id='word_1_69' title='bbox 837 819 1070 889; x_wconf 89' lang='lat' dir='ltr'>eadem</span> <span class='ocrx_word' id='word_1_70' title='bbox 1088 862 1109 897; x_wconf 89' lang='lat'>‚</span> <span class='ocrx_word' id='word_1_71' title='bbox 1132 842 1261 916; x_wconf 86' lang='lat' dir='ltr'>qua</span> <span class='ocrx_word' id='word_1_72' title='bbox 1279 815 1683 901; x_wconf 79' lang='lat' dir='ltr'>transierant,</span> <span class='ocrx_word' id='word_1_73' title='bbox 1710 818 1917 915; x_wconf 78' lang='lat' dir='ltr'>posse3</span> <span class='ocrx_word' id='word_1_74' title='bbox 1951 821 2044 890; x_wconf 90' lang='lat' dir='ltr'>ibi</span> <span class='ocrx_word' id='word_1_75' title='bbox 2062 846 2205 891; x_wconf 81' lang='lat' dir='ltr'>ma-</span> 
     </span>
     <span class='ocr_line' id='line_1_9' title="bbox 234 912 2203 1015; baseline -0.001 -22"><span class='ocrx_word' id='word_1_76' title='bbox 234 921 420 993; x_wconf 77' lang='lat' dir='ltr'>xime</span> <span class='ocrx_word' id='word_1_77' title='bbox 438 912 751 989; x_wconf 81' lang='lat' dir='ltr'>confertis</span> <span class='ocrx_word' id='word_1_78' title='bbox 781 915 1115 996; x_wconf 85' lang='lat' dir='ltr'>hostibus,</span> <span class='ocrx_word' id='word_1_79' title='bbox 1154 941 1282 1015; x_wconf 87' lang='lat' dir='ltr'>qua</span> <span class='ocrx_word' id='word_1_80' title='bbox 1303 919 1474 989; x_wconf 83' lang='lat' dir='ltr'>viam</span> <span class='ocrx_word' id='word_1_81' title='bbox 1498 912 1834 988; x_wconf 79' lang='lat' dir='ltr'>fecerant:</span> <span class='ocrx_word' id='word_1_82' title='bbox 1875 927 1940 991; x_wconf 63' lang='grc' dir='ltr'><strong>ἃ</strong></span> <span class='ocrx_word' id='word_1_83' title='bbox 1973 917 2203 992; x_wconf 86' lang='lat' dir='ltr'>consul</span> 
     </span>
     <span class='ocr_line' id='line_1_10' title="bbox 232 1013 2205 1118; baseline 0 -27"><span class='ocrx_word' id='word_1_84' title='bbox 232 1013 666 1118; x_wconf 85' lang='lat' dir='ltr'>legionesque</span> <span class='ocrx_word' id='word_1_85' title='bbox 707 1019 1030 1088; x_wconf 86' lang='lat' dir='ltr'>Romanae</span> <span class='ocrx_word' id='word_1_86' title='bbox 1056 1061 1077 1097; x_wconf 83' lang='lat'>‚</span> <span class='ocrx_word' id='word_1_87' title='bbox 1132 1041 1331 1115; x_wconf 91' lang='lat' dir='ltr'>quum</span> <span class='ocrx_word' id='word_1_88' title='bbox 1359 1065 1380 1099; x_wconf 90' lang='lat'>,</span> <span class='ocrx_word' id='word_1_89' title='bbox 1422 1017 1604 1113; x_wconf 89' lang='lat' dir='ltr'>quod</span> <span class='ocrx_word' id='word_1_90' title='bbox 1653 1038 1966 1116; x_wconf 86' lang='lat' dir='ltr'>tegumen</span> <span class='ocrx_word' id='word_1_91' title='bbox 1998 1019 2205 1092; x_wconf 89' lang='lat' dir='ltr'>modo</span> 
     </span>
     <span class='ocr_line' id='line_1_11' title="bbox 235 1111 2207 1211; baseline -0.001 -22"><span class='ocrx_word' id='word_1_92' title='bbox 235 1118 459 1188; x_wconf 85' lang='lat' dir='ltr'>omnis</span> <span class='ocrx_word' id='word_1_93' title='bbox 480 1115 807 1188; x_wconf 82' lang='lat' dir='ltr'>exercitus</span> <span class='ocrx_word' id='word_1_94' title='bbox 827 1111 1062 1196; x_wconf 86' lang='lat' dir='ltr'>fuerat,</span> <span class='ocrx_word' id='word_1_95' title='bbox 1084 1112 1398 1211; x_wconf 81' lang='lat' dir='ltr'>nusquam</span> <span class='ocrx_word' id='word_1_96' title='bbox 1422 1116 1760 1202; x_wconf 79' lang='lat' dir='ltr'>viderent3</span> <span class='ocrx_word' id='word_1_97' title='bbox 1795 1140 1876 1186; x_wconf 92' lang='lat' dir='ltr'>ne</span> <span class='ocrx_word' id='word_1_98' title='bbox 1915 1135 2019 1187; x_wconf 88' lang='lat' dir='ltr'>tot</span> <span class='ocrx_word' id='word_1_99' title='bbox 2061 1113 2207 1187; x_wconf 90' lang='lat' dir='ltr'>for-</span> 
     </span>
     <span class='ocr_line' id='line_1_12' title="bbox 235 1213 2207 1312; baseline 0.001 -23"><span class='ocrx_word' id='word_1_100' title='bbox 235 1213 521 1294; x_wconf 82' lang='lat' dir='ltr'>tiffimos</span> <span class='ocrx_word' id='word_1_101' title='bbox 547 1215 723 1285; x_wconf 82' lang='lat' dir='ltr'>viros</span> <span class='ocrx_word' id='word_1_102' title='bbox 749 1213 1134 1287; x_wconf 88' lang='lat' dir='ltr'>interclusos</span> <span class='ocrx_word' id='word_1_103' title='bbox 1159 1215 1567 1312; x_wconf 86' lang='lat' dir='ltr'>opprimeret</span> <span class='ocrx_word' id='word_1_104' title='bbox 1587 1215 1817 1296; x_wconf 79' lang='lat' dir='ltr'>hostis,</span> <span class='ocrx_word' id='word_1_105' title='bbox 1838 1216 2117 1287; x_wconf 85' lang='lat' dir='ltr'>tendunt</span> <span class='ocrx_word' id='word_1_106' title='bbox 2136 1217 2207 1290; x_wconf 85' lang='lat' dir='ltr'>in</span> 
     </span>
     <span class='ocr_line' id='line_1_13' title="bbox 236 1310 2206 1416; baseline 0.001 -28"><span class='ocrx_word' id='word_1_107' title='bbox 236 1341 575 1416; x_wconf 87' lang='lat' dir='ltr'>quemcun</span> <span class='ocrx_word' id='word_1_108' title='bbox 629 1340 707 1385; x_wconf 91' lang='lat' dir='ltr'>ue</span> <span class='ocrx_word' id='word_1_109' title='bbox 727 1310 968 1385; x_wconf 81' lang='lat' dir='ltr'>casum.</span> <span class='ocrx_word' id='word_1_110' title='bbox 1017 1313 1273 1385; x_wconf 80' lang='lat' dir='ltr'>Diversi</span> <span class='ocrx_word' id='word_1_111' title='bbox 1301 1311 1567 1397; x_wconf 89' lang='lat' dir='ltr'><strong>Volsci,</strong></span> <span class='ocrx_word' id='word_1_112' title='bbox 1600 1313 1751 1387; x_wconf 86' lang='lat' dir='ltr'>hinc</span> <span class='ocrx_word' id='word_1_113' title='bbox 1769 1311 2107 1387; x_wconf 87' lang='lat' dir='ltr'>consulem</span> <span class='ocrx_word' id='word_1_114' title='bbox 2127 1340 2206 1390; x_wconf 76' lang='lat' dir='ltr'>ae</span> 
     </span>
     <span class='ocr_line' id='line_1_14' title="bbox 235 1341 2211 1514; baseline -0.002 -25"><span class='ocrx_word' id='word_1_115' title='bbox 235 1415 539 1514; x_wconf 83' lang='lat' dir='ltr'>legiones</span> <span class='ocrx_word' id='word_1_116' title='bbox 571 1341 880 1485; x_wconf 61' lang='lat' dir='ltr'>sinstinere</span> <span class='ocrx_word' id='word_1_117' title='bbox 901 1442 921 1482; x_wconf 75' lang='lat' dir='ltr'>t</span> <span class='ocrx_word' id='word_1_118' title='bbox 956 1414 1161 1483; x_wconf 83' lang='lat' dir='ltr'>altera</span> <span class='ocrx_word' id='word_1_119' title='bbox 1187 1408 1410 1485; x_wconf 85' lang='lat' dir='ltr'>fronte</span> <span class='ocrx_word' id='word_1_120' title='bbox 1449 1412 1685 1485; x_wconf 85' lang='lat' dir='ltr'>instare</span> <span class='ocrx_word' id='word_1_121' title='bbox 1710 1418 1886 1486; x_wconf 86' lang='lat' dir='ltr'>Tem</span> <span class='ocrx_word' id='word_1_122' title='bbox 1940 1416 2091 1485; x_wconf 90' lang='lat' dir='ltr'>anio</span> <span class='ocrx_word' id='word_1_123' title='bbox 2108 1436 2211 1486; x_wconf 88' lang='lat' dir='ltr'>at-</span> 
     </span>
     <span class='ocr_line' id='line_1_15' title="bbox 235 1508 2211 1615; baseline -0.001 -29"><span class='ocrx_word' id='word_1_124' title='bbox 235 1538 370 1615; x_wconf 86' lang='lat' dir='ltr'>que</span> <span class='ocrx_word' id='word_1_125' title='bbox 406 1512 763 1611; x_wconf 84' lang='lat' dir='ltr'>equitibus.</span> <span class='ocrx_word' id='word_1_126' title='bbox 803 1515 919 1611; x_wconf 88' lang='lat' dir='ltr'>qui</span> <span class='ocrx_word' id='word_1_127' title='bbox 956 1537 1160 1613; x_wconf 88' lang='lat' dir='ltr'>quum</span> <span class='ocrx_word' id='word_1_128' title='bbox 1201 1508 1368 1609; x_wconf 82' lang='lat' dir='ltr'>saepe</span> <span class='ocrx_word' id='word_1_129' title='bbox 1403 1514 1626 1584; x_wconf 86' lang='lat' dir='ltr'>conati</span> <span class='ocrx_word' id='word_1_130' title='bbox 1657 1513 1855 1613; x_wconf 89' lang='lat' dir='ltr'>nequi</span> <span class='ocrx_word' id='word_1_131' title='bbox 1908 1535 2022 1586; x_wconf 86' lang='lat' dir='ltr'>ent</span> <span class='ocrx_word' id='word_1_132' title='bbox 2056 1540 2211 1612; x_wconf 88' lang='lat' dir='ltr'>per-</span> 
     </span>
     <span class='ocr_line' id='line_1_16' title="bbox 235 1608 2201 1711; baseline 0.002 -27"><span class='ocrx_word' id='word_1_133' title='bbox 235 1637 548 1710; x_wconf 76' lang='lat' dir='ltr'>rumpere</span> <span class='ocrx_word' id='word_1_134' title='bbox 571 1613 652 1684; x_wconf 89' lang='lat' dir='ltr'>ad</span> <span class='ocrx_word' id='word_1_135' title='bbox 673 1608 846 1692; x_wconf 85' lang='lat' dir='ltr'>suos,</span> <span class='ocrx_word' id='word_1_136' title='bbox 868 1613 1127 1683; x_wconf 85' lang='lat' dir='ltr'>tumulo</span> <span class='ocrx_word' id='word_1_137' title='bbox 1163 1612 1454 1710; x_wconf 89' lang='lat' dir='ltr'>quodam</span> <span class='ocrx_word' id='word_1_138' title='bbox 1484 1634 1844 1711; x_wconf 84' lang='lat' dir='ltr'>occupato,</span> <span class='ocrx_word' id='word_1_139' title='bbox 1878 1614 1947 1684; x_wconf 91' lang='lat' dir='ltr'>in</span> <span class='ocrx_word' id='word_1_140' title='bbox 1963 1613 2201 1686; x_wconf 88' lang='lat' dir='ltr'>orbem</span> 
     </span>
     <span class='ocr_line' id='line_1_17' title="bbox 235 1709 2203 1812; baseline 0.001 -27"><span class='ocrx_word' id='word_1_141' title='bbox 235 1709 304 1785; x_wconf 84' lang='lat' dir='ltr'>se</span> <span class='ocrx_word' id='word_1_142' title='bbox 323 1712 744 1798; x_wconf 77' lang='lat' dir='ltr'>tutabantur3</span> <span class='ocrx_word' id='word_1_143' title='bbox 763 1736 843 1781; x_wconf 89' lang='lat' dir='ltr'>ne</span> <span class='ocrx_word' id='word_1_144' title='bbox 897 1736 1174 1810; x_wconf 84' lang='lat' dir='ltr'>naquam</span> <span class='ocrx_word' id='word_1_145' title='bbox 1197 1712 1412 1781; x_wconf 87' lang='lat' dir='ltr'>inulti.</span> <span class='ocrx_word' id='word_1_146' title='bbox 1458 1715 1608 1784; x_wconf 84' lang='lat' dir='ltr'>Nec</span> <span class='ocrx_word' id='word_1_147' title='bbox 1624 1738 1856 1812; x_wconf 86' lang='lat' dir='ltr'>pugnae</span> <span class='ocrx_word' id='word_1_148' title='bbox 1877 1710 2025 1783; x_wconf 82' lang='lat' dir='ltr'>finis</span> <span class='ocrx_word' id='word_1_149' title='bbox 2048 1736 2203 1785; x_wconf 84' lang='lat' dir='ltr'>aute</span> 
     </span>
     <span class='ocr_line' id='line_1_18' title="bbox 242 1738 2206 1909; baseline -0.001 -23"><span class='ocrx_word' id='word_1_150' title='bbox 242 1814 519 1886; x_wconf 58' lang='lat' dir='ltr'>noctem</span> <span class='ocrx_word' id='word_1_151' title='bbox 539 1806 682 1881; x_wconf 90' lang='lat' dir='ltr'>fuit.</span> <span class='ocrx_word' id='word_1_152' title='bbox 728 1738 953 1881; x_wconf 43' lang='lat' dir='ltr'>consul</span> <span class='ocrx_word' id='word_1_153' title='bbox 977 1835 1246 1909; x_wconf 88' lang='lat' dir='ltr'>quoque</span> <span class='ocrx_word' id='word_1_154' title='bbox 1263 1807 1577 1909; x_wconf 88' lang='lat' dir='ltr'>nusquam</span> <span class='ocrx_word' id='word_1_155' title='bbox 1608 1810 1862 1885; x_wconf 77' lang='lat' dir='ltr'>remisso</span> <span class='ocrx_word' id='word_1_156' title='bbox 1893 1814 2206 1884; x_wconf 87' lang='lat' dir='ltr'>certami-</span> 
     </span>
     <span class='ocr_line' id='line_1_19' title="bbox 238 1906 2201 2010; baseline -0.002 -25"><span class='ocrx_word' id='word_1_157' title='bbox 238 1936 356 1993; x_wconf 63' lang='lat' dir='ltr'>ner</span> <span class='ocrx_word' id='word_1_158' title='bbox 371 1910 531 1982; x_wconf 88' lang='lat' dir='ltr'>dum</span> <span class='ocrx_word' id='word_1_159' title='bbox 568 1909 918 2010; x_wconf 88' lang='lat' dir='ltr'>quicquam</span> <span class='ocrx_word' id='word_1_160' title='bbox 955 1906 1481 2007; x_wconf 74' lang='lat' dir='ltr'>superfuitlucir»,</span> <span class='ocrx_word' id='word_1_161' title='bbox 1510 1909 1768 1982; x_wconf 85' lang='lat' dir='ltr'>bostem</span> <span class='ocrx_word' id='word_1_162' title='bbox 1786 1911 2021 1982; x_wconf 86' lang='lat' dir='ltr'>tenuit.</span> <span class='ocrx_word' id='word_1_163' title='bbox 2065 1935 2201 1983; x_wconf 78' lang='lat' dir='ltr'>nox</span> 
     </span>
     <span class='ocr_line' id='line_1_20' title="bbox 236 2007 2201 2108; baseline -0.001 -25"><span class='ocrx_word' id='word_1_164' title='bbox 236 2012 533 2083; x_wconf 87' lang='lat' dir='ltr'>incertos</span> <span class='ocrx_word' id='word_1_165' title='bbox 580 2009 842 2081; x_wconf 87' lang='lat' dir='ltr'>diremit</span> <span class='ocrx_word' id='word_1_166' title='bbox 877 2032 894 2079; x_wconf 69' lang='grc' dir='ltr'><strong>ι</strong></span> <span class='ocrx_word' id='word_1_167' title='bbox 941 2007 1284 2108; x_wconf 83' lang='lat' dir='ltr'>tantusque</span> <span class='ocrx_word' id='word_1_168' title='bbox 1330 2008 1412 2079; x_wconf 87' lang='lat' dir='ltr'>ab</span> <span class='ocrx_word' id='word_1_169' title='bbox 1448 2011 1887 2108; x_wconf 81' lang='lat' dir='ltr'>imprudentia</span> <span class='ocrx_word' id='word_1_170' title='bbox 1922 2033 2201 2100; x_wconf 67' lang='lat' dir='ltr'>eventus</span> 
     </span>
     <span class='ocr_line' id='line_1_21' title="bbox 236 2107 2207 2208; baseline -0.001 -26"><span class='ocrx_word' id='word_1_171' title='bbox 236 2133 524 2208; x_wconf 84' lang='lat' dir='ltr'>utraque</span> <span class='ocrx_word' id='word_1_172' title='bbox 540 2108 745 2180; x_wconf 82' lang='lat' dir='ltr'>castra</span> <span class='ocrx_word' id='word_1_173' title='bbox 768 2109 980 2180; x_wconf 85' lang='lat' dir='ltr'>tenuit</span> <span class='ocrx_word' id='word_1_174' title='bbox 1002 2133 1229 2205; x_wconf 84' lang='lat' dir='ltr'>pavor,</span> <span class='ocrx_word' id='word_1_175' title='bbox 1252 2130 1323 2179; x_wconf 86' lang='lat' dir='ltr'>ut</span> <span class='ocrx_word' id='word_1_176' title='bbox 1340 2109 1581 2179; x_wconf 52' lang='lat' dir='ltr'>redicitis</span> <span class='ocrx_word' id='word_1_177' title='bbox 1603 2107 1850 2193; x_wconf 81' lang='lat' dir='ltr'>sauciis,</span> <span class='ocrx_word' id='word_1_178' title='bbox 1876 2117 1944 2185; x_wconf 75' lang='grc' dir='ltr'>δι</span> <span class='ocrx_word' id='word_1_179' title='bbox 1966 2136 2071 2180; x_wconf 89' lang='lat' dir='ltr'>ma</span> <span class='ocrx_word' id='word_1_180' title='bbox 2123 2135 2207 2180; x_wconf 89' lang='lat' dir='ltr'>na</span> 
     </span>
     <span class='ocr_line' id='line_1_22' title="bbox 236 2136 2293 2308; baseline 0.003 -29"><span class='ocrx_word' id='word_1_181' title='bbox 236 2209 1097 2308; x_wconf 83' lang='lat' dir='ltr'>parteimpedimentorum,</span> <span class='ocrx_word' id='word_1_182' title='bbox 1117 2210 1317 2280; x_wconf 92' lang='lat' dir='ltr'>ambo</span> <span class='ocrx_word' id='word_1_183' title='bbox 1338 2233 1460 2306; x_wconf 94' lang='lat' dir='ltr'>pro</span> <span class='ocrx_word' id='word_1_184' title='bbox 1491 2209 1679 2279; x_wconf 62' lang='lat' dir='ltr'>vistis</span> <span class='ocrx_word' id='word_1_185' title='bbox 1698 2210 2026 2280; x_wconf 83' lang='lat' dir='ltr'>exercitus</span> <span class='ocrx_word' id='word_1_186' title='bbox 2051 2136 2206 2283; x_wconf 55' lang='lat' dir='ltr'>igin</span> <span class='ocrx_word' id='word_1_187' title='bbox 2276 2280 2293 2295; x_wconf 73' lang='lat'>,-</span> 
     </span>
     <span class='ocr_line' id='line_1_23' title="bbox 240 2308 2292 2406; baseline -0.001 -26"><span class='ocrx_word' id='word_1_188' title='bbox 240 2330 506 2380; x_wconf 85' lang='lat' dir='ltr'>montes</span> <span class='ocrx_word' id='word_1_189' title='bbox 530 2308 869 2406; x_wconf 83' lang='lat' dir='ltr'>proximos</span> <span class='ocrx_word' id='word_1_190' title='bbox 889 2309 1281 2405; x_wconf 87' lang='lat' dir='ltr'>reciperent.</span> <span class='ocrx_word' id='word_1_191' title='bbox 1334 2311 1662 2395; x_wconf 80' lang='lat' dir='ltr'>Tumulus</span> <span class='ocrx_word' id='word_1_192' title='bbox 1688 2330 1908 2379; x_wconf 87' lang='lat' dir='ltr'>tamen</span> <span class='ocrx_word' id='word_1_193' title='bbox 1929 2311 2206 2399; x_wconf 85' lang='lat' dir='ltr'>circum·</span> <span class='ocrx_word' id='word_1_194' title='bbox 2228 2320 2265 2403; x_wconf 51' lang='grc' dir='ltr'>ζ)</span> <span class='ocrx_word' id='word_1_195' title='bbox 2286 2348 2292 2361; x_wconf 77' lang='grc'><em>·</em></span> 
     </span>
     <span class='ocr_line' id='line_1_24' title="bbox 237 2403 2331 2504; baseline -0.002 -23"><span class='ocrx_word' id='word_1_196' title='bbox 237 2403 431 2481; x_wconf 75' lang='lat' dir='ltr'>sess’us</span> <span class='ocrx_word' id='word_1_197' title='bbox 457 2409 624 2479; x_wconf 88' lang='lat' dir='ltr'>ultra</span> <span class='ocrx_word' id='word_1_198' title='bbox 642 2408 922 2479; x_wconf 87' lang='lat' dir='ltr'>mediam</span> <span class='ocrx_word' id='word_1_199' title='bbox 946 2407 1214 2478; x_wconf 73' lang='grc' dir='ltr'>ηοᾶειη</span> <span class='ocrx_word' id='word_1_200' title='bbox 1234 2404 1355 2478; x_wconf 87' lang='lat' dir='ltr'>est.</span> <span class='ocrx_word' id='word_1_201' title='bbox 1395 2420 1424 2453; x_wconf 74' lang='lat'><em>²</em></span> <span class='ocrx_word' id='word_1_202' title='bbox 1449 2429 1650 2504; x_wconf 83' lang='lat' dir='ltr'>quum</span> <span class='ocrx_word' id='word_1_203' title='bbox 1670 2404 2207 2477; x_wconf 79' lang='lat' dir='ltr'>circumsedenti-</span> <span class='ocrx_word' id='word_1_204' title='bbox 2232 2410 2239 2423; x_wconf 77' lang='lat'><em>&#39;</em></span> <span class='ocrx_word' id='word_1_205' title='bbox 2322 2422 2331 2429; x_wconf 71' lang='grc'>’</span> 
     </span>
     <span class='ocr_line' id='line_1_25' title="bbox 238 2500 2204 2590; baseline -0.001 -11"><span class='ocrx_word' id='word_1_206' title='bbox 238 2507 362 2579; x_wconf 85' lang='lat' dir='ltr'>bus</span> <span class='ocrx_word' id='word_1_207' title='bbox 388 2507 761 2579; x_wconf 83' lang='lat' dir='ltr'>nunciatum</span> <span class='ocrx_word' id='word_1_208' title='bbox 781 2501 958 2589; x_wconf 74' lang='lat' dir='ltr'>esset,</span> <span class='ocrx_word' id='word_1_209' title='bbox 981 2504 1186 2578; x_wconf 86' lang='lat' dir='ltr'>castra</span> <span class='ocrx_word' id='word_1_210' title='bbox 1200 2502 1452 2577; x_wconf 87' lang='lat' dir='ltr'>deserta</span> <span class='ocrx_word' id='word_1_211' title='bbox 1467 2500 1594 2576; x_wconf 80' lang='lat' dir='ltr'>esse</span> <span class='ocrx_word' id='word_1_212' title='bbox 1615 2555 1634 2587; x_wconf 84' lang='lat'>‚</span> <span class='ocrx_word' id='word_1_213' title='bbox 1656 2505 1867 2575; x_wconf 75' lang='grc' dir='ltr'>νὶἃοε</span> <span class='ocrx_word' id='word_1_214' title='bbox 1890 2505 2009 2574; x_wconf 90' lang='lat' dir='ltr'>rati</span> <span class='ocrx_word' id='word_1_215' title='bbox 2030 2500 2204 2590; x_wconf 67' lang='lat' dir='ltr'>suna,</span> 
     </span>
     <span class='ocr_line' id='line_1_26' title="bbox 237 2598 2295 2706; baseline 0.001 -31"><span class='ocrx_word' id='word_1_216' title='bbox 237 2616 306 2682; x_wconf 67' lang='grc' dir='ltr'>δι</span> <span class='ocrx_word' id='word_1_217' title='bbox 330 2606 448 2703; x_wconf 82' lang='lat' dir='ltr'>ipfi</span> <span class='ocrx_word' id='word_1_218' title='bbox 486 2631 616 2705; x_wconf 86' lang='lat' dir='ltr'>qua</span> <span class='ocrx_word' id='word_1_219' title='bbox 652 2630 984 2706; x_wconf 88' lang='lat' dir='ltr'>quemque</span> <span class='ocrx_word' id='word_1_220' title='bbox 1011 2607 1077 2675; x_wconf 89' lang='lat' dir='ltr'>in</span> <span class='ocrx_word' id='word_1_221' title='bbox 1100 2605 1389 2676; x_wconf 87' lang='lat' dir='ltr'>tenebris</span> <span class='ocrx_word' id='word_1_222' title='bbox 1413 2626 1617 2700; x_wconf 84' lang='lat' dir='ltr'>pavor</span> <span class='ocrx_word' id='word_1_223' title='bbox 1651 2604 1839 2682; x_wconf 84' lang='lat' dir='ltr'>tulit,</span> <span class='ocrx_word' id='word_1_224' title='bbox 1869 2598 2205 2702; x_wconf 88' lang='lat' dir='ltr'>fugerunt.</span> <span class='ocrx_word' id='word_1_225' title='bbox 2288 2642 2295 2649; x_wconf 94' lang='lat'><strong>·</strong></span> 
     </span>
     <span class='ocr_line' id='line_1_27' title="bbox 239 2699 2212 2802; baseline -0.003 -23"><span class='ocrx_word' id='word_1_226' title='bbox 239 2706 681 2802; x_wconf 86' lang='lat' dir='ltr'>Tempanius,</span> <span class='ocrx_word' id='word_1_227' title='bbox 703 2728 883 2777; x_wconf 86' lang='lat' dir='ltr'>metu</span> <span class='ocrx_word' id='word_1_228' title='bbox 904 2702 1302 2784; x_wconf 80' lang='lat' dir='ltr'>insidiarum,</span> <span class='ocrx_word' id='word_1_229' title='bbox 1323 2699 1468 2774; x_wconf 90' lang='lat' dir='ltr'>suos</span> <span class='ocrx_word' id='word_1_230' title='bbox 1492 2703 1572 2774; x_wconf 88' lang='lat' dir='ltr'>ad</span> <span class='ocrx_word' id='word_1_231' title='bbox 1589 2704 1802 2773; x_wconf 88' lang='lat' dir='ltr'>lucem</span> <span class='ocrx_word' id='word_1_232' title='bbox 1820 2704 2053 2774; x_wconf 84' lang='lat' dir='ltr'>tenuit.</span> <span class='ocrx_word' id='word_1_233' title='bbox 2107 2704 2212 2775; x_wconf 88' lang='lat' dir='ltr'>di-</span> 
     </span>
     <span class='ocr_line' id='line_1_28' title="bbox 294 2797 2211 2901; baseline -0.001 -26"><span class='ocrx_word' id='word_1_234' title='bbox 294 2801 487 2876; x_wconf 77' lang='lat' dir='ltr'>tessus</span> <span class='ocrx_word' id='word_1_235' title='bbox 520 2802 756 2876; x_wconf 88' lang='lat' dir='ltr'>deinde</span> <span class='ocrx_word' id='word_1_236' title='bbox 790 2797 922 2900; x_wconf 87' lang='lat' dir='ltr'>ipse</span> <span class='ocrx_word' id='word_1_237' title='bbox 963 2829 1110 2875; x_wconf 91' lang='lat' dir='ltr'>cum</span> <span class='ocrx_word' id='word_1_238' title='bbox 1148 2802 1368 2901; x_wconf 83' lang='lat' dir='ltr'>paucis</span> <span class='ocrx_word' id='word_1_239' title='bbox 1402 2803 1838 2900; x_wconf 86' lang='lat' dir='ltr'>speculatum,</span> <span class='ocrx_word' id='word_1_240' title='bbox 1885 2826 2088 2901; x_wconf 90' lang='lat' dir='ltr'>quum</span> <span class='ocrx_word' id='word_1_241' title='bbox 2126 2802 2211 2873; x_wconf 89' lang='lat' dir='ltr'>ab</span> 
     </span>
     <span class='ocr_line' id='line_1_29' title="bbox 238 2832 2214 3000; baseline -0.003 -24"><span class='ocrx_word' id='word_1_242' title='bbox 238 2832 472 2976; x_wconf 48' lang='lat' dir='ltr'>sauciis</span> <span class='ocrx_word' id='word_1_243' title='bbox 492 2901 785 2974; x_wconf 85' lang='lat' dir='ltr'>hostibus</span> <span class='ocrx_word' id='word_1_244' title='bbox 814 2900 1197 2975; x_wconf 83' lang='lat' dir='ltr'>sciscitando</span> <span class='ocrx_word' id='word_1_245' title='bbox 1236 2898 1649 3000; x_wconf 81' lang='lat' dir='ltr'>comperisset</span> <span class='ocrx_word' id='word_1_246' title='bbox 1681 2900 1885 2973; x_wconf 88' lang='lat' dir='ltr'>castra</span> <span class='ocrx_word' id='word_1_247' title='bbox 1925 2897 2214 2971; x_wconf 86' lang='lat' dir='ltr'>Volsco·-</span> 
     </span>
     <span class='ocr_line' id='line_1_30' title="bbox 243 2998 2218 3084; baseline -0.003 -10"><span class='ocrx_word' id='word_1_248' title='bbox 243 3028 389 3074; x_wconf 87' lang='lat' dir='ltr'>rum</span> <span class='ocrx_word' id='word_1_249' title='bbox 405 2998 660 3073; x_wconf 88' lang='lat' dir='ltr'>deserta</span> <span class='ocrx_word' id='word_1_250' title='bbox 679 2998 828 3084; x_wconf 80' lang='lat' dir='ltr'>effe,</span> <span class='ocrx_word' id='word_1_251' title='bbox 847 3003 1029 3073; x_wconf 84' lang='lat' dir='ltr'>laetus</span> <span class='ocrx_word' id='word_1_252' title='bbox 1050 3001 1130 3071; x_wconf 87' lang='lat' dir='ltr'>ab</span> <span class='ocrx_word' id='word_1_253' title='bbox 1150 3004 1405 3073; x_wconf 86' lang='lat' dir='ltr'>tumulo</span> <span class='ocrx_word' id='word_1_254' title='bbox 1427 2999 1574 3072; x_wconf 81' lang='lat' dir='ltr'>suos</span> <span class='ocrx_word' id='word_1_255' title='bbox 1600 3002 1907 3084; x_wconf 82' lang='lat' dir='ltr'>devocat,</span> <span class='ocrx_word' id='word_1_256' title='bbox 1927 3010 1992 3074; x_wconf 74' lang='grc' dir='ltr'>δι</span> <span class='ocrx_word' id='word_1_257' title='bbox 2014 3001 2081 3072; x_wconf 85' lang='lat' dir='ltr'>in</span> <span class='ocrx_word' id='word_1_258' title='bbox 2105 3025 2218 3071; x_wconf 87' lang='lat' dir='ltr'>ca·-</span> 
     </span>
    </p>

    <p class='ocr_par' dir='ltr' id='par_1_3' title="bbox 165 3096 2217 3299">
     <span class='ocr_line' id='line_1_31' title="bbox 165 3096 2209 3200; baseline -0.002 -25"><span class='ocrx_word' id='word_1_259' title='bbox 165 3150 195 3185; x_wconf 54' lang='lat' dir='ltr'><em>a</em></span> <span class='ocrx_word' id='word_1_260' title='bbox 242 3101 374 3175; x_wconf 85' lang='lat' dir='ltr'>stra</span> <span class='ocrx_word' id='word_1_261' title='bbox 407 3104 715 3173; x_wconf 87' lang='lat' dir='ltr'>Romana</span> <span class='ocrx_word' id='word_1_262' title='bbox 777 3124 1102 3198; x_wconf 86' lang='lat' dir='ltr'>penetrat.</span> <span class='ocrx_word' id='word_1_263' title='bbox 1171 3101 1278 3171; x_wconf 87' lang='lat' dir='ltr'>ubi</span> <span class='ocrx_word' id='word_1_264' title='bbox 1334 3127 1535 3200; x_wconf 90' lang='lat' dir='ltr'>quum</span> <span class='ocrx_word' id='word_1_265' title='bbox 1592 3100 1764 3171; x_wconf 84' lang='lat' dir='ltr'>vasta</span> <span class='ocrx_word' id='word_1_266' title='bbox 1821 3096 2209 3197; x_wconf 86' lang='lat' dir='ltr'>desertaque</span> 
     </span>
     <span class='ocr_line' id='line_1_32' title="bbox 189 3190 2217 3299; baseline 0 -29"><span class='ocrx_word' id='word_1_267' title='bbox 189 3190 210 3201; x_wconf 67' lang='grc'><strong>’</strong></span> <span class='ocrx_word' id='word_1_268' title='bbox 241 3202 508 3277; x_wconf 82' lang='lat' dir='ltr'>omnia,</span> <span class='ocrx_word' id='word_1_269' title='bbox 529 3224 727 3299; x_wconf 83' lang='lat' dir='ltr'>atque</span> <span class='ocrx_word' id='word_1_270' title='bbox 746 3196 1023 3272; x_wconf 89' lang='lat' dir='ltr'>eandem</span> <span class='ocrx_word' id='word_1_271' title='bbox 1046 3225 1240 3299; x_wconf 89' lang='lat' dir='ltr'>quam</span> <span class='ocrx_word' id='word_1_272' title='bbox 1269 3201 1437 3297; x_wconf 91' lang='lat' dir='ltr'>apud</span> <span class='ocrx_word' id='word_1_273' title='bbox 1464 3198 1685 3275; x_wconf 83' lang='lat' dir='ltr'>hostes</span> <span class='ocrx_word' id='word_1_274' title='bbox 1711 3194 2085 3272; x_wconf 83' lang='lat' dir='ltr'>foeditatem</span> <span class='ocrx_word' id='word_1_275' title='bbox 2111 3201 2217 3270; x_wconf 88' lang='lat' dir='ltr'>in-</span> 
     </span>
    </p>

    <p class='ocr_par' dir='ltr' id='par_1_4' title="bbox 135 3295 2211 3399">
     <span class='ocr_line' id='line_1_33' title="bbox 135 3295 2211 3399; baseline -0.001 -27"><span class='ocrx_word' id='word_1_276' title='bbox 135 3308 146 3318; x_wconf 85' lang='lat'>&#39;</span> <span class='ocrx_word' id='word_1_277' title='bbox 244 3295 544 3381; x_wconf 75' lang='lat' dir='ltr'>venisset,</span> <span class='ocrx_word' id='word_1_278' title='bbox 565 3296 934 3399; x_wconf 84' lang='lat' dir='ltr'>priusquam</span> <span class='ocrx_word' id='word_1_279' title='bbox 970 3296 1256 3374; x_wconf 85' lang='lat' dir='ltr'>Volscos</span> <span class='ocrx_word' id='word_1_280' title='bbox 1286 3302 1595 3399; x_wconf 85' lang='lat' dir='ltr'>cognitus</span> <span class='ocrx_word' id='word_1_281' title='bbox 1631 3324 1818 3370; x_wconf 87' lang='lat' dir='ltr'>error</span> <span class='ocrx_word' id='word_1_282' title='bbox 1838 3300 2211 3377; x_wconf 83' lang='lat' dir='ltr'>reduceret,</span> 
     </span>
    </p>

    <p class='ocr_par' dir='ltr' id='par_1_5' title="bbox 225 3394 2281 3500">
     <span class='ocr_line' id='line_1_34' title="bbox 225 3394 2281 3500; baseline 0 -31"><span class='ocrx_word' id='word_1_283' title='bbox 225 3398 494 3500; x_wconf 20' lang='lat' dir='ltr'>‘quibus</span> <span class='ocrx_word' id='word_1_284' title='bbox 511 3420 776 3497; x_wconf 87' lang='lat' dir='ltr'>poterat</span> <span class='ocrx_word' id='word_1_285' title='bbox 810 3396 1032 3471; x_wconf 85' lang='lat' dir='ltr'>sauciis</span> <span class='ocrx_word' id='word_1_286' title='bbox 1052 3399 1263 3472; x_wconf 61' lang='lat' dir='ltr'>duciis</span> <span class='ocrx_word' id='word_1_287' title='bbox 1285 3396 1501 3471; x_wconf 86' lang='lat' dir='ltr'>secum</span> <span class='ocrx_word' id='word_1_288' title='bbox 1524 3444 1546 3480; x_wconf 87' lang='lat'><strong>,</strong></span> <span class='ocrx_word' id='word_1_289' title='bbox 1583 3400 1842 3496; x_wconf 85' lang='lat' dir='ltr'>ignarus</span> <span class='ocrx_word' id='word_1_290' title='bbox 1879 3425 2074 3496; x_wconf 89' lang='lat' dir='ltr'>quam</span> <span class='ocrx_word' id='word_1_291' title='bbox 2113 3420 2218 3469; x_wconf 87' lang='lat' dir='ltr'>re·</span> <span class='ocrx_word' id='word_1_292' title='bbox 2276 3394 2281 3399; x_wconf 67' lang='grc'>’</span> 
     </span>
    </p>

    <p class='ocr_par' dir='ltr' id='par_1_6' title="bbox 427 3521 2223 3667">
     <span class='ocr_line' id='line_1_35' title="bbox 1945 3521 2217 3593; baseline 0.011 -28"><span class='ocrx_word' id='word_1_293' title='bbox 1945 3521 2217 3593; x_wconf 73' lang='lat' dir='ltr'>grone-m</span> 
     </span>
     <span class='ocr_line' id='line_1_36' title="bbox 427 3598 2223 3667; baseline -0.006 -10"><span class='ocrx_word' id='word_1_294' title='bbox 427 3611 550 3659; x_wconf 71' lang='grc' dir='ltr'>Εἰ</span> <span class='ocrx_word' id='word_1_295' title='bbox 587 3616 621 3657; x_wconf 78' lang='grc' dir='ltr'><strong><em>ο</em></strong></span> <span class='ocrx_word' id='word_1_296' title='bbox 660 3612 697 3656; x_wconf 67' lang='lat'>8</span> <span class='ocrx_word' id='word_1_297' title='bbox 742 3613 777 3656; x_wconf 73' lang='lat' dir='ltr'>o</span> <span class='ocrx_word' id='word_1_298' title='bbox 818 3614 856 3656; x_wconf 74' lang='lat' dir='ltr'>v</span> <span class='ocrx_word' id='word_1_299' title='bbox 900 3612 921 3652; x_wconf 70' lang='lat' dir='ltr'>r</span> <span class='ocrx_word' id='word_1_300' title='bbox 969 3614 1011 3652; x_wconf 74' lang='lat' dir='ltr'>r·</span> <span class='ocrx_word' id='word_1_301' title='bbox 1282 3598 2223 3667; x_wconf 61' lang='lat' dir='ltr'>perioecaetemm&amp;mffiomne⁸&amp;typla</span> 
     </span>
    </p>
   </div>
   <div class='ocr_carea' id='block_1_2' title="bbox 241 3666 2225 3863">
    <p class='ocr_par' dir='ltr' id='par_1_7' title="bbox 241 3666 2225 3863">
     <span class='ocr_line' id='line_1_37' title="bbox 319 3666 2223 3759; baseline -0.011 -20"><span class='ocrx_word' id='word_1_302' title='bbox 319 3698 349 3738; x_wconf 71' lang='lat' dir='ltr'>a</span> <span class='ocrx_word' id='word_1_303' title='bbox 397 3688 558 3759; x_wconf 72' lang='lat' dir='ltr'>Qum</span> <span class='ocrx_word' id='word_1_304' title='bbox 597 3684 993 3750; x_wconf 64' lang='lat' dir='ltr'>circumsidentibus</span> <span class='ocrx_word' id='word_1_305' title='bbox 1026 3682 1201 3730; x_wconf 73' lang='lat' dir='ltr'>mnm‘ae-</span> <span class='ocrx_word' id='word_1_306' title='bbox 1276 3671 1460 3736; x_wconf 69' lang='lat' dir='ltr'>e¹pteffi</span> <span class='ocrx_word' id='word_1_307' title='bbox 1484 3672 1623 3734; x_wconf 77' lang='lat' dir='ltr'>usque</span> <span class='ocrx_word' id='word_1_308' title='bbox 1645 3666 1704 3718; x_wconf 74' lang='lat' dir='ltr'>ad</span> <span class='ocrx_word' id='word_1_309' title='bbox 1720 3671 1970 3750; x_wconf 78' lang='lat' dir='ltr'>Gryphium</span> <span class='ocrx_word' id='word_1_310' title='bbox 1987 3673 2038 3721; x_wconf 77' lang='grc' dir='ltr'>δι</span> <span class='ocrx_word' id='word_1_311' title='bbox 2053 3673 2223 3719; x_wconf 77' lang='lat' dir='ltr'>Curio·</span> 
     </span>
     <span class='ocr_line' id='line_1_38' title="bbox 241 3738 2225 3863; baseline -0.015 -49"><span class='ocrx_word' id='word_1_312' title='bbox 241 3756 392 3840; x_wconf 56' lang='lat' dir='ltr'>Qut-J</span> <span class='ocrx_word' id='word_1_313' title='bbox 425 3757 849 3828; x_wconf 65' lang='lat' dir='ltr'>Asexaginnnmis</span> <span class='ocrx_word' id='word_1_314' title='bbox 870 3748 1200 3825; x_wconf 62' lang='lat' dir='ltr'>ficedimmre·</span> <span class='ocrx_word' id='word_1_315' title='bbox 1273 3755 1409 3811; x_wconf 71' lang='grc' dir='ltr'>ηεως</span> <span class='ocrx_word' id='word_1_316' title='bbox 1437 3738 2087 3851; x_wconf 58' lang='lat' dir='ltr'>gummuuledembu.b</span> <span class='ocrx_word' id='word_1_317' title='bbox 2121 3808 2225 3863; x_wconf 48' lang='lat' dir='ltr'>cm</span> 
     </span>
    </p>
   </div>
  </div>
 </body>
</html>
