2593 4366
269 149 425 225 404
973 124 1069 197 T.
1162 129 1221 196 L
1275 148 1304 198 ι
1355 149 1397 197 v
1452 147 1481 194 ι
1540 148 1568 196 1
1755 217 1761 224 ι

291 223 592 324 prodigia
615 271 635 305 ,
672 221 778 297 sed
797 225 928 317 jam
962 244 1239 295 eventus
1266 271 1286 303 ,
1324 219 1760 321 pestilentiam
1784 219 1952 320 agris
1974 222 2261 324 urbique‘

297 328 576 406 illatam,
604 325 771 396 baud
792 321 984 393 dubia
1001 324 1097 392 ira
1119 321 1374 418 Det‘im.
1396 347 1564 422 quos
1585 321 1777 421 pestis
1800 325 1937 414 ejus
1960 326 2265 399 arcendae

305 419 510 496 caussa
546 422 900 517 placandos
919 415 1078 501 ess‘e,
1118 422 1185 492 in
1218 423 1399 492 libris
1435 424 1761 492 Fatalibus
1796 422 2131 494 inventum
2155 424 2261 495 sit.
2342 501 2361 514 ‚

307 522 625 594 Comitiis
644 579 660 604 ‚
687 518 1011 617 auspicato
1035 547 1179 617 quae
1202 520 1436 592 fierent
1455 565 1475 600 ,
1518 523 1857 620 indignum
1880 524 2029 591 Diis
2052 520 2263 595 visum

303 622 592 694 honores
612 621 886 718 vulgari,
904 614 1402 717 discriminaque
1421 621 1717 717 gentium
1742 618 2274 693 confimdi.Prae-

305 743 606 817 terquam
627 717 967 812 majestate
987 720 1350 815 petentium
1374 772 1392 800 ,
1429 719 1747 816 religione
1778 720 1978 790 etiam
1999 722 2274 792 attoniti

304 817 638 901 hominm,
657 818 962 914 patricios
984 843 1252 899 omnes,
1275 839 1525 914 partem
1550 841 1854 915 magnam
1892 818 2274 890 honoratis-

305 916 536 989 fimum
560 940 915 1015 quemque,
936 916 1235 986 tribunos
1260 916 1540 986 militum
1578 911 1901 986 consulari
1934 917 2266 1012 potestate

306 1039 639 1098 creavere,
665 1022 739 1086 L.
767 1015 1105 1085 Valetium
1127 1013 1419 1087 Potitum
1442 1015 1769 1111 quintum,
1793 1018 1887 1085 M.
1914 1019 2261 1090 Valerium

303 1116 672 1189 Maximum
695 1161 714 1194 ,
753 1117 848 1186 M.
885 1115 1140 1182 Furium
1190 1115 1552 1184 Camillum
1585 1114 1819 1184 iterum
1845 1157 1863 1192 ,
1897 1118 1972 1183 L.
1995 1118 2266 1188 Furium

305 1216 749 1289 Medullinum
769 1212 1032 1284 tertium
1055 1256 1075 1291 ,
1118 1212 1570 1310 QServilium
1590 1212 1969 1283 Fidenatem
1993 1214 2265 1298 iterum,

306 1313 780 1410 QSulpicium
803 1311 1226 1380 Camerinum
1250 1313 1642 1382 iterum.His
1658 1310 1935 1394 tribunis
1955 1313 2033 1383 ad
2048 1313 2266 1384 Veios

306 1411 468 1481 nihil
484 1411 840 1483 admodum
862 1409 1295 1480 memorabile
1311 1412 1526 1480 aetum
1549 1407 1667 1481 estz
1691 1431 1833 1480 tota
1850 1410 1945 1480 vis
1966 1411 2031 1480 ih
2051 1435 2273 1509 popu-

305 1510 663 1580 lationibus
684 1505 830 1579 fuit.
882 1512 1042 1579 Duo
1065 1505 1299 1579 summi
1320 1511 1750 1606 imperatores
1768 1566 1787 1593 ,
1808 1512 2063 1582 Potitus
2084 1510 2118 1580 ὲ
2146 1513 2273 1582 Fa-

309 1608 507 1690 leriis,
528 1601 847 1685 Camillus
868 1606 903 1677 Ξι
926 1610 1199 1703 Capena
1223 1609 1468 1706 praedas
1486 1609 1787 1708 ingentes
1807 1607 2047 1708 egere3
2086 1610 2267 1680 nulla.

175 1767 184 1770 ,
206 1730 283 1805 15
307 1707 620 1778 incolumi
640 1708 866 1776 relicta
887 1707 1091 1784 re,cui
1115 1703 1291 1779 ferro
1315 1729 1420 1776 aut
1439 1708 1577 1806 igni
1598 1710 1817 1778 noceri
1839 1706 2072 1805 poss‘et.
2098 1716 2269 1782 Pro-

200 1797 205 1803 ’
305 1805 482 1902 digia
501 1805 763 1878 interim
790 1806 995 1875 multa
1014 1806 1336 1892 nunciari;
1361 1831 1643 1903 quorum
1664 1808 2000 1906 pleraque,
2017 1817 2081 1880 &
2107 1807 2261 1905 quia

293 1902 534 2001 ‘singuli
554 1906 853 1974 auctores
869 1921 1079 1984 erant,
1100 1929 1321 2001 parum
1340 1904 1585 1975 credita
1600 1902 1980 2004 spretaque}
2022 1915 2085 1979 &
2109 1906 2264 2002 quia

304 2001 601 2073 hostibus
625 2002 936 2085 Etruscis,
971 2026 1133 2097 yper
1154 2021 1323 2100 quos
1346 2028 1421 2073 ea
1443 2028 1870 2098 procurarent
1894 2061 1912 2088 ,
1939 2000 2258 2100 aruspices

307 2127 444 2172 non
466 2122 673 2171 erant.
695 2103 760 2171 in
775 2125 970 2171 unum
989 2103 1286 2173 omnium
1304 2127 1469 2172 curse
1487 2099 1680 2173 versae
1702 2099 1869 2187 sunt,
1888 2105 2065 2205 quod
2087 2107 2262 2174 lacus

304 2201 374 2271 in
391 2200 658 2272 Albano
681 2226 953 2272 nemore
988 2200 1114 2271 line
1136 2203 1281 2272 ullis
1307 2202 1680 2273 coelestibus
1704 2208 1886 2303 aquis
1911 2248 1931 2283 ,
1969 2200 2261 2275 cauffave

302 2323 434 2397 qua
456 2301 610 2395 alia,
625 2294 766 2398 quir:
785 2301 1261 2393 rem‘miraculo
1279 2304 1621 2384 eximeret,
1646 2303 1712 2372 in
1733 2304 2133 2374 altitudinem
2153 2303 2265 2372 in'-

299 2398 560 2471 solitam
587 2400 818 2471 crevit.
872 2399 1225 2496 Qidnam
1259 2426 1344 2471 eo
1379 2402 1491 2471 Dii
1533 2404 2001 2499 portenderent
2034 2402 2265 2499 prodi-

298 2501 438 2607 1ιῖἰο,
463 2496 627 2569 miffi
651 2496 1036 2569 sciscitatum
1055 2523 1358 2571 oratores
1384 2500 1461 2571 ad
1482 2498 1884 2597 Delphicum
1903 2501 2260 2573 oraculum:

302 2598 412 2669 led
477 2598 750 2694 propior
803 2599 1126 2693 interpres
1185 2595 1335 2670 fatis
1407 2600 1669 2669 oblatus
1723 2597 1937 2671 senior
1995 2601 2262 2698 quidam

302 2695 582 2774 Veiens,
606 2698 718 2793 qui
742 2697 911 2766 inter
932 2698 1314 2769 cavillantes
1352 2698 1417 2767 in
1439 2697 1820 2769 stationibus
1861 2724 1930 2768 ac
1954 2699 2262 2770 custodiis

306 2796 551 2865 milites
576 2796 920 2865 Romanos
943 2791 1383 2890 Etruscosque
1405 2840 1425 2875 ,
1457 2798 1868 2866 vaticinantis
1902 2801 1965 2863 in
1989 2797 2265 2868 modum

311 2893 573 2971 cecinit,
599 2891 927 2985 Priusquam
945 2914 1018 2960 ex
1036 2893 1166 2963 lacu
1182 2896 1391 2962 Albano
1409 2915 1559 2983 aqua
1573 2890 1933 2986 emtffiaeforet,
1954 2914 2265 2981 numquam

305 2994 778 3086 potiturumveiss
799 3003 1123 3057 Romanum.
1178 2995 1398 3086 Qod
1436 2996 1648 3086 primo
1679 2993 1856 3059 velut
1892 2992 2140 3061 temere
2171 2993 2268 3082 ja-

312 3094 489 3161 stum
526 3084 774 3183 sperni,
814 3088 1040 3183 agitari
1077 3088 1316 3158 deinde
1353 3086 1760 3159 sermonibus
1791 3108 2090 3179 coeptum
2125 3089 2263 3178 est;

308 3191 523 3260 donec
567 3210 727 3254 unns
769 3210 849 3254 cx
887 3184 1163 3255 statione
1202 3190 1508 3257 Romana
1547 3188 2003 3283 percunstatus
2044 3191 2272 3285 proxi·

309 3313 490 3360 mum
512 3286 991 3381 oppidanorum
1019 3288 1184 3377 (jam
1200 3310 1316 3383 per
1330 3287 1884 3387 longinquitatem
1903 3285 2269 3360 bellicom·

2012 3411 2264 3459 mereto

383 3542 415 3581 7
459 3535 538 3578 Per
563 3535 663 3598 quoi
689 3546 738 3578 ea
758 3531 1067 3595 procurarent-¹]
1107 3529 1182 3577 Sic'
1205 3531 1256 3579 δε
1325 3537 1644 3592 portentorum
1670 3556 1682 3589 ς
1713 3534 1763 3582 δε
1792 3534 1844 3579 e'a
1868 3533 2009 3597 gratia
2039 3549 2129 3581 rem
2152 3531 2271 3580 diui·

319 3596 512 3643 memb.
539 3613 576 3648 ι.
592 3598 648 3645 de
663 3598 811 3660 Legib.
854 3596 922 3644 1².st
948 3610 1259 3663 autemprocu-
1327 3615 1428 3646 nam
1454 3602 1603 3661 facere
1624 3634 1636 3657 ,
1678 3601 1741 3649 est
1780 3601 1980 3648 monstra
2020 3613 2271 3661 procurare.

319 3664 447 3717 ratio,
460 3663 745 3719 sacrificium.
761 3662 885 3726 quod
897 3662 951 3711 fit
966 3661 1024 3711 ad
1034 3660 1258 3728 depulsio·
1327 3666 1521 3717 Turneb.
1541 3671 1589 3715 in
1600 3668 1691 3718 loc·
1708 3671 1805 3719 cic.
1818 3669 2073 3736 allegatum·
2092 3668 2273 3716 Gadda·

313 3738 422 3775 ”em
439 3734 488 3781 ὅ(
517 3734 824 3795 expiationem
868 3730 1178 3782 monstrorum
1203 3737 1252 3784 δι’
1324 3751 1448 3784 vaae.

2043 3794 2050 3801 ⁴
2091 3800 2118 3851 ⁸
2148 3798 2289 3860 Lati,-
