2593 4366
418 118 561 190 594
1083 93 1185 166 T.
1281 90 1345 163 L
1395 113 1427 164 1
1480 115 1523 166 v
1574 114 1604 164 1
1653 105 1686 158 1

416 198 510 268 lio
538 192 830 295 ingresso
855 191 1188 267 Sabellum
1225 217 1456 292 agrum
1483 237 1506 273 ,
1547 198 1686 265 noh
1719 187 1927 262 castra
1951 191 2395 287 Samnitium,

418 320 553 367 non
580 298 877 397 legiones
909 288 1175 392 usquam
1200 291 1561 390 oppositae,
1599 288 1779 364 ferto
1808 292 2078 394 ignique
2101 290 2388 371 ‘vastans

420 419 555 466 tem
576 421 769 497 agros
788 394 985 491 legati
1020 392 1411 465 Samnitium
1448 416 1677 489 pacem
1718 395 2309 478 orantes‘adeunt,
2346 397 2387 470 ὲ

416 520 554 602 quo
582 494 807 587 rejecti
836 495 914 564 ad
936 489 1254 572 senatum,
1275 494 1597 590 potestate
1620 487 1789 562 fasta
1809 492 2109 576 dicendi,
2150 497 2389 593 positis

415 594 745 665 ferocibus
769 593 1021 675 animis,
1048 616 1279 690 pacem
1300 591 1416 662 fibi
1452 592 1532 662 ab
1550 591 1872 662 Romanis
1897 636 1918 672 ,
1962 591 2257 694 bellique
2279 599 2387 690 jus

416 690 718 763 adversus
737 693 1056 765 Sidicinos
1081 692 1434 789 petierunt.
1459 690 1641 785 quase
1656 692 1942 786 eojufiius
1966 710 2196 785 petere,
2235 696 2392 785 quod

417 792 478 860 in
496 795 816 861 amici-tiam
833 793 1011 885 populi
1034 794 1267 861 Romani
1270 790 1526 886 finiendis
1529 789 1647 884 suis
1666 790 1826 858 rebus
1844 845 1863 871 ,
1899 814 2005 859 non
2023 793 2291 888 adversis,
2311 814 2388 867 ut

418 895 719 984 Campani,
739 893 1039 987 veniffent:
1062 891 1130 967 ά
1150 888 1414 985 adverfiis
1439 891 1709 966 Sidicinos
1716 889 2020 985 [itinerent
2040 916 2211 960 arma
2225 947 2243 974 ,
2253 894 2387 988 suos

404 988 623 1083 semper
655 992 833 1061 hostes
857 1038 875 1069 ,
901 990 1086 1084 populi
1127 993 1359 1058 Romani
1394 1008 1703 1079 numquam
1750 992 1981 1063 amicos.
2017 995 2119 1081 qui
2148 1015 2277 1073 nec,
2316 1012 2387 1067 ut

416 1092 725 1168 Samnites,
736 1094 793 1158 in
807 1111 942 1181 pace
957 1092 1497 1166 amicitiam,nec,ut
1519 1092 1822 1179 Campani,
1844 1089 2133 1160 auxilium
2159 1093 2221 1158 in
2236 1080 2378 1163 bello

354 1203 389 1254 2
409 1188 700 1283 petiffi’nt,
723 1213 821 1259 nec
838 1191 896 1256 in
901 1187 1019 1282 fide
1031 1188 1215 1278 populi
1246 1191 1485 1255 Romani
1516 1209 1616 1254 nec
1630 1186 1842 1256 ditione
1872 1190 2056 1282 cffent.
2120 1194 2376 1286 Qum

413 1289 496 1357 de
520 1286 862 1384 postulatis
898 1288 1285 1359 Samnitium
1310 1287 1470 1358 Tib.
1507 1286 1786 1361 AEmilius
1815 1308 2057 1382 praetor
2078 1283 2380 1364 senatum

410 1385 1401 1485 consuluisset,reddendumque
1436 1384 1534 1457 his
1572 1380 1786 1456 foedus
1829 1393 2056 1459 Patres
2094 1385 2381 1460 censuis-

407 1480 575 1565 sent,
603 1484 1258 1583 praetor'Samnitibus
1279 1481 1647 1581 respondit:
1685 1497 1837 1563 Nec,
1853 1488 2159 1576 quominus
2172 1505 2378 1581 perpe-

407 1598 510 1654 tua
527 1591 745 1655 cumeis
762 1586 1023 1656 amicitia
1056 1585 1206 1681 effet,
1220 1606 1323 1677 per
1348 1586 1610 1676 populum
1649 1595 1960 1654 Romanum
1992 1587 2192 1680 §ietiffe
2212 1612 2234 1655 .·
2271 1606 2377 1657 nec

405 1686 737 1771 contradici,
759 1684 1327 1779 quinquoniam'ipffis
1356 1684 1480 1755 beni
1512 1684 1675 1774 culpa
1702 1682 1814 1777 fica
1843 1689 2105 1781 contraisti
2142 1684 2372 1755 radium
2423 1720 2432 1730 ·

396 1787 636 1873 ceperit,
652 1778 919 1871 amicitia
936 1788 1003 1853 de
1020 1786 1237 1874 integro
1252 1785 1654 1854 reconcilietur.
1702 1784 1874 1876 Qod
1887 1784 1964 1850 ad
1980 1783 2254 1851 Sidicinos
2269 1805 2370 1854 at-

405 1883 576 1959 tinet,
590 1866 753 1981 niligl
754 1884 1021 1952 intercedi
1026 1929 1046 1961 ,
1068 1904 1175 1973 quo
1193 1885 1380 1952 minus
1402 1883 1653 1951 Samniti
1665 1884 1861 1973 populo
1873 1887 2026 1972 pacis
2041 1883 2274 1969 bellique
2287 1886 2368 1952 ti-

406 1978 601 2089 berugn
636 1970 947 2050 'cirbitrium
968 1981 1069 2076 fit.
1106 1981 1388 2051 Foedere
1421 1983 1556 2052 ἰᾶο
1594 2007 1797 2079 quum
1836 1983 2097 2051 domum
2141 2004 2372 2050 rever-

196 2036 656 2249 ἡᾛηῑ,
696 2085 1042 2176 extemplo
1069 2080 1220 2151 inde
1262 2082 1587 2151 exercitus
1624 2083 1964 2152 Romanus
2002 2080 2366 2168 dedustus3

378 2231 381 2234 -
531 2205 616 2249 uo
646 2179 997 2279 stipendio,
1030 2189 1094 2255 δι
1127 2181 1321 2251 trium
1344 2178 1659 2268 mensium
1685 2175 2021 2252 frumento
2044 2201 2366 2278 accepto;

404 2280 586 2377 quod
612 2283 948 2378 pepigerat
969 2277 1187 2353 consul
1210 2303 1278 2351 ut
1298 2306 1554 2377 tempus
1578 2281 1850 2351 induciis
1869 2270 2061 2351 'daret
2081 2327 2103 2359 ,
2140 2281 2365 2379 quoad

403 2380 606 2478 legati
632 2379 954 2454 rediss'ent.
1003 2382 1355 2459 Samnites,
1375 2382 1579 2478 copiis
1601 2377 1822 2452 iisdem
1840 2426 1862 2460 ,
1884 2380 2121 2478 quibus
2142 2378 2232 2451 usi
2254 2379 2371 2453 ad-

403 2475 621 2564 versus
649 2484 1020 2554 Romanum
1043 2480 1289 2552 bellum
1308 2478 1561 2552 fuerant
1579 2527 1599 2561 ,
1620 2501 1850 2551 contra
1868 2480 2192 2552 Sidicinos
2212 2504 2366 2577 pro-

404 2572 559 2647 feffl
581 2629 601 2660 ,
638 2578 806 2651 haud
831 2583 895 2651 in
914 2581 1106 2651 dubia
1127 2579 1232 2676 spe
1254 2602 1440 2651 erant
1463 2579 1911 2670 mature2pcbis
1932 2577 2218 2651 hostium
2246 2604 2366 2677 po·

405 2676 665 2749 tiundae.
717 2686 899 2750 Tum
936 2680 1017 2749 ab
1055 2682 1353 2752 Sidicinis
1385 2681 1636 2751 deditio
1672 2679 1847 2775 prius
1883 2678 1964 2750 ad
2002 2683 2358 2752 Romanos

402 2798 626 2872 coepta
644 2775 808 2859 fieri,
831 2779 1088 2861 deinde,
1118 2778 1465 2877 postquam
1491 2789 1744 2862 Patres,
1764 2800 1835 2849 ut
1851 2774 2369 2858 serameamml-

402 2874 695 2973 timaque
717 2880 981 2949 tandem
1006 2875 1384 2949 neceffitate
1402 2905 1480 2950 ex
1491 2875 1755 2976 preffam
1773 2921 1797 2958 ‚
1820 2873 2359 2974 aspernabantur,

401 2973 481 3044 ad
504 2977 779 3046 Latinos
806 2981 938 3072 jam
961 2975 1064 3064 sua
1095 2975 1329 3072 sponte
1352 2980 1415 3047 in
1450 3004 1628 3049 arma
1666 3000 1891 3049 motos
1914 2973 2086 3047 fasta
2102 2975 2223 3047 est.
2279 3001 2366 3049 ne

396 3077 569 3144 Cam
580 3077 725 3171 pani
745 3077 1011 3175 quidem
1033 3078 1229 3169 (adeo
1246 3077 1493 3169 injuria·
1513 3078 1919 3158 Samnitium,
1938 3101 2138 3173 quam
2154 3074 2368 3147 bene·

394 3171 526 3243 ficii
547 3178 1004 3247 Romanorum
1027 3177 1350 3246 memoria
1371 3177 1745 3273 praesentior
1760 3182 1936 3272 erat)
1957 3177 2054 3245 his
2078 3172 2144 3245 se
2163 3178 2363 3248 armis
2377 3215 2391 3267 χ

397 3271 790 3347 abstinuere.
846 3278 943 3346 Ex
962 3276 1060 3346 his
1084 3298 1187 3344 tot
1210 3279 1469 3372 populis
1493 3326 1512 3355 ,
1553 3301 1712 3344 unus
1747 3276 1977 3374 ingens
2000 3276 2362 3359 exercitus,

394 3371 561 3443 duce
585 3377 848 3456 LatinO,
875 3375 1035 3446 fines
1057 3376 1445 3445 Samnitium
1466 3371 1958 3474 ingresshs‚plus
1981 3375 2369 3471 populatio·
2463 3377 2470 3383 ’

396 3472 586 3542 nibus
607 3500 803 3571 quam
832 3476 1059 3571 praeliis
1082 3475 1364 3543 cladium
1395 3472 1568 3545 fecit.
1627 3484 1691 3547 δι
1730 3498 2129 3573 quamquam
2168 3469 2367 3569 supe-

394 3571 599 3640 riores
621 3576 1085 3644 certaminibus
1116 3575 1333 3642 Latini
1356 3589 1563 3656 erant,
1598 3575 1762 3646 haud
1784 3575 1971 3643 inviti
1994 3627 2007 3650 .
2032 3598 2112 3642 ne
2133 3570 2366 3669 saepius

392 3669 835 3745 dimicandum
852 3671 1052 3755 foret,
1073 3699 1234 3772 agro
1257 3669 1914 3749 hostiumexccfl'ere.
1963 3674 2042 3747 ld
2081 3668 2366 3768 spatium

2087 3771 2356 3843 Samni-
