2593 4366
470 139 475 140 f
525 96 578 150 ο
1098 67 1198 149 T.
1291 72 1356 147 L·
1401 95 1435 146 ι
1480 96 1528 148 v
1574 93 1609 146 ι
1657 95 1686 143 ι

418 94 807 254 {inmitium
824 167 1088 257 forent,
1123 193 1193 244 ut
1211 196 1363 245 cum
1383 171 1650 273 fingulis
1671 167 2076 247 vestimentis
2101 172 2400 259 eniitte·

416 296 669 352 rentur·
718 273 815 347 Hi
836 299 1071 347 omnes
1101 269 1217 344 sub
1251 274 1483 373 jugum
1520 269 1710 347 miffi.
1748 267 1940 343 sociis
1971 277 2388 356 Samnitium

413 375 577 452 nihil
597 394 859 448 cautum
877 402 898 445 ε
931 374 1010 447 ad
1035 370 1286 472 septem
1303 373 1511 445 millia
1523 368 1641 445 sub
1659 396 1908 446 corona
1929 370 2218 450 veniere.
2257 383 2390 481 qui

411 470 480 550 se
498 475 716 549 civem
736 476 1101 549 Hernicum
1121 473 1381 548 dixerat
1396 519 1421 557 ‚
1453 467 1743 548 seorsum
1766 474 1838 546 in
1855 471 2151 548 custodia
2172 476 2383 551 habi-

407 592 543 648 tus.
590 576 734 649 Eos
751 598 987 651 omnes
1011 573 1250 648 Fabius
1284 577 1580 649 Romam
1602 572 1685 648 ad
1719 569 2019 648 senatum
2037 574 2220 651 mifit
2247 607 2271 651 :
2309 590 2385 656 δι

408 699 615 776 quum
636 674 979 775 quaefitum
1013 670 1174 750 esset
1191 720 1216 755 ³
1253 674 1510 748 ὀεῑεᾶιι
1530 718 1558 754 ‚
1600 697 1683 745 an
1717 674 2076 747 voluntarii
2096 699 2235 774 pro
2256 684 2383 753 Sa-

403 775 725 848 mnitibus
762 772 1070 850 adversus
1109 777 1459 849 Romanos
1497 767 1834 846 bellassent
1855 801 1879 860 3
1918 799 2041 872 per
2075 777 2377 851 Latinos

404 873 695 972 populos
717 873 1404 951 custodiendidantur.
1416 871 1695 972 juffique
1705 898 1851 946 eam
1867 874 2208 975 integram
2231 903 2386 953 rem

401 974 569 1045 novi
582 971 885 1048 consules
909 1020 934 1057 ,
958 985 1037 1052 P.
1060 974 1420 1050 Cornelius
1437 976 1690 1047 Arvina
1710 1024 1734 1059 ,
1755 975 2387 1070 QMarciusTre-

403 1074 623 1145 mulus
644 1074 732 1161 (ii
746 1074 925 1148 enim
940 1076 1073 1170 jam
1096 1075 1302 1160 creati
1319 1094 1508 1146 erant
1523 1076 1551 1158 )
1570 1072 1653 1146 ad
1672 1068 1968 1144 senatum
1982 1069 2271 1150 referre.
2306 1075 2378 1152 id

401 1194 579 1272 oegre
638 1171 755 1248 assi
771 1174 1046 1248 Hernici
1064 1204 1086 1261 ;
1115 1173 1482 1246 concilium
1499 1173 1904 1271 populorum
1920 1173 2229 1247 omnium
2245 1175 2379 1248 ha-

403 1270 592 1345 benti
641 1299 716 1345 us
756 1274 1125 1375 Anagninis
1145 1319 1167 1355 ,
1198 1274 1266 1344 in
1285 1272 1469 1345 circo
1485 1318 1510 1354 ‚
1547 1297 1753 1372 quem
1785 1271 2203 1347 Maritimum
2241 1299 2377 1344 vo-

400 1392 830 1472 cant‚praeter
842 1374 1283 1448 Alatrinatem
1304 1371 1925 1470 Ferentinatemque
1943 1426 1965 1455 ,
1987 1382 2057 1448 δι
2076 1375 2372 1447 Verula-

402 1495 561 1546 num
579 1518 602 1554 ‚
623 1498 857 1546 omnes
873 1475 1155 1547 Hernici
1170 1472 1456 1545 nominis
1478 1473 1735 1571 populo
1759 1473 2082 1544 Romano
2102 1470 2353 1545 bellum

289 1586 384 1667 43
403 1569 799 1645 indixerunt.
855 1578 938 1645 In
965 1574 1236 1647 Samnio
1270 1596 1543 1673 quoque
1567 1616 1590 1652 a
1617 1572 1770 1668 quia
1805 1568 2168 1644 decesserat
2206 1570 2360 1646 inde

403 1672 667 1753 Fabius,
687 1672 1081 1747 novimotus
1100 1676 1343 1745 exorti.
1367 1670 1624 1756 Calatia
1642 1677 1709 1743 &
1728 1677 1915 1749 Sora,
1933 1669 2356 1770 praefidiaque

398 1795 549 1868 quae
565 1771 632 1841 in
649 1772 728 1842 iis
751 1775 1060 1845 Romana
1076 1794 1263 1843 erant
1283 1820 1307 1854 ,
1327 1789 1731 1871 expugnata:
1755 1775 1821 1841 δι
1844 1768 1915 1839 in
1931 1795 2008 1842 ca
2057 1770 2350 1843 tivorum

393 1872 973 1967 corporamilitum
994 1869 1175 1943 fcede
1193 1868 1504 1943 saevitum.
1541 1872 1764 1966 itaque
1792 1892 1880 1940 eo
1899 1875 1971 1942 P.
2109 1871 2349 1943 rnelius

394 1989 549 2037 cum
581 1968 875 2040 exercitu
909 1967 1151 2040 miffus.
1202 1968 1463 2041 Marcio
1495 1969 1653 2038 novi
1686 1965 1912 2039 hostes
1950 1971 2128 2064 (jam
2164 1970 2342 2040 enim

395 2066 766 2163 Anagninis
790 2062 1385 2165 Hernicisque'aliis
1409 2067 1658 2154 bellum
1677 2063 1908 2162 jufl'um
1927 2079 2098 2151 erat)
2118 2069 2348 2143 decer·

397 2186 666 2238 nuntur.
712 2164 1043 2240 Primoita
1062 2165 1290 2241 omnia
1304 2188 1687 2265 opportuna
1726 2170 1882 2239 loca
1914 2164 2140 2242 hostes
2180 2168 2352 2241 inter

395 2261 734 2338 consulum
752 2266 957 2339 castra
972 2267 1467 2365 interceperunt
1480 2311 1504 2348 ‚
1539 2288 1610 2339 ut
1626 2268 1979 2364 pervadere
1993 2267 2342 2363 expeditus

392 2366 672 2438 nuncius
705 2391 841 2438 non
858 2362 1069 2464 polset
1090 2411 1113 2447 ‚
1144 2377 1209 2442 &
1243 2391 1361 2464 per
1391 2368 1651 2465 aliquot
1685 2367 1827 2440 dies
1863 2366 2094 2439 incerti
2119 2390 2339 2437 rerum

390 2465 689 2537 omnium
711 2512 730 2545 ,
751 2462 1159 2567 suspensique
1180 2468 1263 2539 de
1284 2464 1449 2539 statu
1470 2466 1735 2539 alterius
1752 2510 1776 2546 ‚
1816 2488 2090 2567 uterque
2114 2462 2345 2538 consui

391 2585 623 2661 ageret
643 2610 666 2646 ‚
684 2567 1111 2665 Romamque
1126 2568 1179 2636 is
1196 2587 1410 2637 metus
1423 2586 1719 2641 manaret
1740 2592 1762 2635 z
1781 2565 1950 2637 adeo
1969 2613 1994 2647 ,
2017 2585 2092 2637 ut
2112 2591 2345 2638 omnes

276 2691 282 2697 ·
390 2662 686 2755 juniores
705 2661 1118 2738 sacramento
1130 2665 1777 2765 adigerentur‚atque
1797 2665 1876 2737 ad
1897 2663 2115 2739 subita
2133 2691 2349 2738 rerum

391 2759 698 2853 duojusti
736 2759 1175 2838 scriberentur
1209 2764 1560 2837 exercitus.
1611 2766 1949 2837 Caeterum
1977 2767 2348 2840 Hernicum

392 2857 644 2932 bellum
664 2886 881 2963 nequa
934 2888 1080 2936 uam
1121 2886 1246 2958 pro
1274 2860 1578 2958 praesenti
1616 2885 1873 2935 terrore
1909 2889 1987 2937 ac
2025 2866 2353 2939 vetustate

387 2966 609 3059 gentis
628 2963 859 3060 gloriae
912 2964 1029 3035 uit.
1066 2962 1227 3035 nihil
1250 2958 1522 3061 usquam
1545 2962 1721 3035 dista
1740 2960 2018 3063 dignum
2034 2963 2170 3037 aufi
2189 3010 2210 3049 ‚
2239 2964 2357 3036 tri·

390 3059 492 3128 nis
519 3058 742 3131 castris
773 3062 944 3133 intra
966 3085 1209 3158 paucos
1239 3061 1381 3133 dies
1406 3062 1631 3142 exuti,
1671 3062 1944 3162 triginta
1962 3062 2231 3137 dierum
2253 3068 2359 3136 in-

389 3158 612 3228 ducias
629 3203 652 3235 ,
684 3159 776 3230 ita
815 3180 887 3230 ut
926 3163 1005 3231 ad
1035 3156 1330 3233 senatum
1353 3163 1644 3253 Romam
1678 3163 1935 3259 legatos
1972 3166 2358 3251 mitterent,

388 3258 564 3369 paffl
588 3253 732 3330 sunt
751 3257 1045 3332 bimestri
1082 3257 1409 3355 stipendio
1429 3256 1901 3361 frumentoque
1921 3308 1946 3343 ‚
1978 3272 2046 3337 δι
2076 3262 2358 3365 singulis

384 3378 454 3425 m
478 3358 755 3429 militem
770 3359 1031 3431 tunicis.
1086 3360 1197 3431 Ab
1213 3356 1528 3430 senatuad
1555 3361 1881 3431 Marcium
1917 3363 2155 3454 rejeRi
2178 3409 2201 3443 2
2242 3362 2361 3439 cui

382 3454 669 3530 Senatus
660 3455 962 3530 consulto
986 3454 1359 3545 permissum
1380 3460 1464 3530 de
1479 3459 1788 3531 Hernicis
1806 3482 1969 3531 erat:
1992 3456 2180 3559 isque
2199 3487 2359 3534 eam

379 3576 652 3726 §entem
670 3559 738 3627 in
756 3557 1167 3630 deditionem
1188 3558 1462 3656 accepit.
1516 3560 1601 3631 Et
1618 3557 1682 3628 in
1699 3560 1966 3632 Samnio
1986 3562 2161 3633 alter
2184 3587 2363 3633 con-

413 3656 475 3724 ul
495 3650 785 3751 superior
804 3657 1053 3729 viribus
1079 3704 1101 3740 ‚
1131 3658 1301 3728 locis
1320 3658 1702 3757 impeditior
1736 3679 1898 3729 erat.
1947 3661 2218 3732 Omnia
2244 3662 2361 3730 iti-

1453 3780 1460 3785 ·
2187 3772 2363 3832 nera‘
