2593 4366
450 158 529 220 η’
1063 145 1154 219 Τ.
1193 148 1202 155 “
1251 139 1315 215 L·
1366 162 1398 211 1
1445 164 1492 215 v
1539 159 1574 211 1
1627 156 1670 209 r

390 171 674 328 {eduma
695 245 919 345 Qod
936 244 1281 344 postquam
1301 234 1943 315 consulinunciatum
1962 240 2088 333 est,
2101 252 2386 316 extens·

405 349 527 445 plo
542 341 837 417 tesseram
862 346 997 419 dari
1014 343 1197 438 jubet
1217 388 1241 425 ,
1260 365 1333 414 ut
1357 340 1667 442 prandeat
1686 339 1876 414 miles
1896 387 1919 423 ,
1950 338 2378 444 firmatisque

407 444 566 515 cibo
583 444 829 515 viribus
853 470 1029 515 arma
1051 442 1290 541 capiat.
1311 444 1492 512 dicio
1510 462 1799 538 paretur.
1845 438 2097 513 Consul
2124 442 2238 514 ubi
2261 469 2382 515 ar-

405 562 627 617 matos
648 540 1035 643 paratosque
1050 542 1216 615 vidit
1238 588 1258 619 ‚
1275 540 1452 641 signa
1464 562 1652 612 extra
1666 541 1911 612 vallum
1932 538 2219 640 proferri
2237 539 2388 635 jus-

407 641 492 714 sit
517 694 539 726 ,
572 651 633 716 δι
656 644 822 714 haud
841 644 1073 739 procul
1105 641 1290 713 hoste
1323 639 1620 711 instruxit
1640 640 1876 711 aciem.
1928 641 2387 740 Aliquamdiu

405 742 646 814 intenti
664 744 994 841 utrimque
1011 741 1329 813 steterunt
1350 796 1368 824 ‚
1391 734 1844 837 exspectantes
1866 761 1940 810 ut
1962 739 2047 811 ab
2067 743 2146 810 ad
2156 740 2390 812 versa-

405 841 521 910 riis
555 841 809 910 clamor
847 849 914 915 δι
957 866 1173 940 pugna
1208 839 1553 937 inciperet.
1580 848 1644 912 &
1671 837 1844 935 prius
1865 830 1966 908 sol
1990 841 2270 912 meridie
2306 839 2386 914 se

403 939 978 1039 inclinavit,quam
1002 943 1207 1012 telum
1232 938 1382 1010 hinc
1406 961 1514 1008 aut
1536 938 1716 1009 illinc
1732 934 2034 1010 emissum
2060 941 2385 1024 est.inde‚

405 1063 493 1109 ne
509 1035 753 1110 infecta
773 1065 841 1109 re
864 1040 1150 1112 abiretur
1170 1084 1192 1118 ‚
1224 1039 1475 1109 clamor
1494 1035 1578 1106 ab
1598 1034 1887 1109 Etruscis
1908 1040 2125 1110 oritur
2142 1094 2162 1122 ‚
2200 1066 2383 1112 cou-

396 1139 769 1237 'cinuntque
806 1139 978 1211 tubae
1001 1184 1021 1217 ‚
1062 1147 1123 1212 δι
1152 1133 1739 1237 fignainferuntur.
1793 1139 1945 1209 Nec
1977 1135 2243 1239 segnius
2280 1140 2378 1214 ab

409 1238 739 1309 Romanis
763 1263 974 1337 pugna
997 1238 1222 1322 initur,
1242 1247 1649 1307 concurrunt
1672 1231 1936 1307 infcnfis
1956 1241 2221 1318 animis.
2244 1246 2390 1311 nu'ss'

406 1361 597 1409 mero
622 1336 820 1408 hostis
843 1388 864 1422 ,
902 1337 1143 1407 virtute
1165 1338 1514 1406 Romanus
1551 1330 1832 1430 superat.
1885 1331 2158 1435 Anceps
2191 1362 2371 1434 ρετ-

403 1436 567 1506 lium
588 1438 831 1507 multos
867 1436 1236 1536 utrimque,
1271 1443 1335 1509 δι
1361 1430 1783 1506 fortiffimum
1802 1460 2136 1534 quemque
2160 1432 2361 1507 absu-

404 1536 551 1605 mit:
578 1562 698 1606 nec
716 1536 887 1633 prius
903 1536 1213 1606 inclinata
1234 1558 1333 1606 res
1355 1534 1477 1613 est,
1501 1558 1697 1631 quam
1721 1528 2003 1605 secunda
2022 1537 2190 1608 acies
2203 1539 2361 1632 Ro&

403 1660 602 1705 mana
623 1636 699 1705 ad
720 1637 927 1731 prima
947 1634 1148 1734 signa,
1167 1634 1406 1733 integri
1425 1628 1590 1703 feffis
1609 1628 2057 1705 success‘erunt.
2075 1631 2358 1721 Emsd,

405 1735 563 1831 quia
601 1736 797 1804 nullis
832 1736 1202 1807 recentibus
1234 1731 1522 1831 subsidiis
1562 1728 1718 1801 fulta
1756 1734 1961 1827 prima
2003 1736 2175 1805 acies
2212 1734 2359 1816 fuit,
2462 1765 2465 1768 “

398 1855 558 1902 ante
580 1831 757 1930 figna
793 1834 1098 1932 circaque
1145 1858 1387 1905 omnes
1418 1832 1814 1903 ceciderunt.
1855 1837 2031 1905 nullo
2071 1859 2357 1932 unquam

394 1930 631 2024 praelio
651 1928 714 1999 fu
769 1958 819 2001 ae
845 1933 1057 2002 minus
1075 1958 1200 2003 nec
1268 1932 1367 2002 lus
1401 1930 1588 2003 caedis
1616 1929 1821 2000 fuiss'er
1843 1984 1859 2014 ,
1905 1936 1963 2002 ni
1987 1934 2353 2005 obstinatos

323 2028 331 2031 ’
396 2028 577 2097 mori
592 2031 703 2099 Tu
736 2053 848 2098 cos
881 2054 1011 2100 nox
1040 2031 1173 2102 texi
1223 2052 1325 2102 et:
1362 2031 1490 2112 ita,
1526 2055 1596 2100 ut
1616 2036 1901 2101 victores
1936 2036 2114 2128 prius
2145 2058 2345 2131 quam

396 2125 562 2199 νίἃί
588 2130 918 2227 pugnandi
955 2127 1153 2202 finem
1177 2124 1496 2203 facerent.
1547 2128 1703 2202 Post
1732 2128 2035 2204 occasum
2075 2127 2230 2204 solis
2265 2131 2348 2205 fi-

392 2250 605 2330 gnum
642 2230 935 2325 receptui
968 2230 1193 2301 datum
1224 2227 1354 2301 este
1390 2230 1589 2301 noete
1623 2231 1705 2301 ab
1723 2252 2009 2331 utroque
2041 2232 2110 2301 in
2140 2232 2344 2304 castra

393 2323 706 2399 reditum.
748 2332 900 2400 Nec
933 2329 1170 2402 deinde
1203 2329 1556 2430 quicquam
1596 2354 1681 2401 eo
1700 2353 1873 2399 auno
1893 2330 1989 2403 rei
2025 2333 2340 2402 memoria

400 2426 619 2525 dignae
658 2429 825 2524 apud
864 2430 1149 2502 Sutrium
1191 2429 1444 2528 gestum
1482 2429 1613 2500 est:
1649 2429 1903 2528 quia&
1940 2454 2021 2501 ex
2055 2428 2339 2504 hostium

395 2530 690 2597 exercitu
711 2528 920 2623 prima
943 2550 1086 2600 tota
1099 2532 1269 2601 acies
1286 2529 1504 2600 deleta
1522 2553 1656 2597 uno
1681 2528 1904 2626 praelio
1917 2526 2132 2601 fiserat
2150 2586 2167 2612 ,
2196 2528 2347 2602 sub.

397 2621 666 2695 fidiariis
690 2627 895 2698 modo
916 2628 1186 2714 reliffis3
1205 2629 1311 2700 vix
1336 2628 1517 2726 quod
1533 2624 1679 2697 satis
1699 2622 1854 2699 esset
1879 2628 1958 2700 ad
1977 2627 2346 2702 castrorum

395 2723 760 2816 praefidium
787 2753 804 2795 t
845 2737 911 2799 &
937 2729 1104 2824 apud
1141 2730 1491 2800 Romanos
1522 2747 1779 2797 tantum
1813 2727 2163 2800 vulnerum
2195 2728 2348 2812 fuit,

398 2842 471 2888 ut
491 2822 709 2915 plures
734 2826 877 2921 post
902 2829 1193 2923 praelium
1218 2823 1408 2896 saucii
1431 2823 1839 2908 decelserint,
1865 2852 2064 2925 quam
2082 2830 2350 2902 cecide-

292 2948 370 3021 33
400 2942 541 2990 rant
561 2921 625 2991 in
646 2925 818 2995 acie..
851 2924 1207 3022 QFabius
1231 2920 1631 3023 insequentis
1654 2924 1805 2995 anni
1821 2921 2070 3006 consul,
2086 2925 2345 2997 bellum

396 3019 477 3090 ad
497 3021 781 3094 Sutrium
804 3025 1086 3121 excepit.
1125 3025 1383 3122 collega
1419 3022 1624 3093 Fabio
1659 3028 1748 3095 C.
1769 3027 2054 3097 Marcius
2076 3027 2351 3097 Rutilus

395 3120 584 3191 datus
602 3120 721 3192 est.
776 3124 1107 3194 Caeterum
1127 3133 1187 3195 &
1215 3124 1449 3192 Fabius
1472 3119 1997 3219 supplementum
2020 3124 2099 3194 ab
2120 3127 2353 3199 Roma

392 3219 697 3292 adduxit:
739 3216 802 3294 ’δε
823 3246 1028 3294 novus
1066 3222 1392 3293 exercitus
1416 3221 1622 3293 domo
1647 3223 1892 3292 accitus
1916 3223 2210 3295 Etruscis
2231 3251 2355 3297 ve-

393 3319 513 3390 nit.
567 3322 880 3393 Permulti
899 3326 1028 3413 jam
1047 3323 1398 3392 annierant
1420 3348 1439 3403 3
1462 3346 1664 3418 quum
1681 3321 1853 3390 inter
1872 3325 2191 3417 patricios
2210 3349 2355 3395 ma-

391 3417 696 3515 gistratus
736 3417 1160 3518 tribunosque
1196 3421 1408 3516 plebis
1449 3421 1625 3487 nulla
1663 3424 2024 3490 certamina
2057 3417 2347 3494 fuerant:

386 3543 590 3613 quum
612 3545 691 3590 ex
723 3545 800 3590 ea
822 3515 1064 3589 familia
1090 3567 1112 3599 ‚
1151 3545 1292 3618 quae
1332 3519 1509 3591 velut
1543 3512 1756 3587 fatalis
1782 3539 1920 3590 tum
1947 3519 2230 3593 tribunis
2274 3548 2356 3595 ac

383 3619 564 3710 plebi
587 3639 751 3696 erat,
771 3641 1103 3690 certamen
1125 3622 1361 3691 oritur.
1413 3624 1543 3710 Ap.
1567 3617 1885 3687 Claudius
1916 3614 2151 3688 censor
2168 3664 2190 3698 ‚
2211 3624 2356 3691 cir·

376 3720 689 3790 cumafiis
730 3719 962 3790 decem
1001 3729 1066 3794 &
1102 3720 1261 3790 οᾶο
1294 3713 1623 3805 mensibus
1649 3761 1672 3799 ‚
1709 3716 1889 3814 quod
1914 3719 2356 3888 AEmiiliialege

444 3852 455 3859 ·
524 3854 533 3861 ·
2131 3841 2354 3890 nuum
2385 3846 2391 3850 ·

1138 3996 1222 4041 Q
