2593 4366
887 145 949 217 L
1002 164 1032 214 ι
1077 167 1119 217 t
1163 168 1206 219 ι
1252 160 1305 221 ιι
1397 146 1433 215 1
1450 144 1536 214 X·
2035 166 2183 237 709

227 236 527 345 tiquitus
543 259 686 314 erat
709 237 729 321 ξ
770 266 944 344 aegre
962 242 1120 341 paffi
1139 299 1158 326 ,
1193 243 1413 317 Tibur
1428 244 1563 316 uno
1580 241 1841 343 agmine
1858 241 2181 316 abierunt:

232 343 409 417 adeo
433 390 456 426 ,
497 363 569 415 ut
582 368 779 416 nemo
795 343 861 413 in
887 340 1212 415 urbeeffet
1231 388 1253 424 ‚
1283 339 1737 442 quisacrificiis'
1773 344 2183 443 praecineret.

229 445 402 537 Ejus
427 444 521 515 rei
541 443 777 542 religio
801 443 1011 515 tenuit
1031 449 1337 515 Senatum
1363 492 1385 526 ,
1407 439 1793 543 legatosque
1815 441 2033 512 Tibur
2055 443 2185 513 mi-

225 538 524 623 serunt,b
537 564 611 614 ut
627 543 854 615 darent
873 563 1248 641 operam‚ut
1267 540 1332 613 hi
1350 542 1987 614 hominesRomanis
2005 539 2192 614 resti-

233 662 613 715 tuerentur.
667 642 1006 713 Tiburtini
1026 639 1311 741 benigne
1351 642 1672 739 polliciti,
1707 641 1996 739 primum
2018 640 2187 713 acci-

225 761 338 815 tos
364 743 434 814 in
455 742 706 814 curiam
743 741 987 814 hortati
1019 737 1204 821 sunt,
1244 762 1316 811 ut
1351 763 1832 813 reverterentur
1867 744 2183 815 Romam:

220 840 589 956 postquam
606 843 882 939 perpelli
898 841 1286 939 nequibant,
1305 838 1581 912 consilio
1598 840 1766 911 baud
1785 839 2187 913 abhorrente

225 940 898 1040 ingeniisthominum
934 985 954 1020 ‚
988 964 1101 1010 eos
1138 939 1630 1039 aggrediuntur.
1702 941 1838 1010 Die
1874 936 2040 1012 festo
2076 938 2184 1010 alii

230 1033 396 1113 alios
416 1067 537 1139 per
552 1037 838 1138 speciem
855 1037 1388 1111 celebrandarum
1408 1060 1602 1111 cantu
1623 1039 1960 1135 epularum
1980 1038 2189 1109 cauffa

142 1221 151 1230 e
228 1136 544 1220 invitant,
567 1148 634 1214 δι
657 1139 840 1223 vinc,
860 1139 1043 1231 cujus
1066 1138 1327 1211 avidum
1348 1134 1553 1211 ferme
1573 1162 1783 1237 genus
1802 1136 1923 1214 est.
1946 1161 2188 1212 onera-

202 1255 335 1311 *tos
352 1235 646 1338 sopiunt:
670 1260 868 1337 atque
888 1237 980 1308 ita
1004 1251 1031 1287 ⁶
1058 1244 1073 1275 ¹
1095 1237 1164 1308 in
1185 1237 1467 1336 plaustra
1486 1233 1722 1309 somno
1742 1236 1953 1309 vifi'os
1976 1235 2192 1328 conji-

226 1338 418 1410 ciunt
441 1385 464 1419 ‚
502 1363 575 1408 ac
602 1338 892 1410 Romam
914 1336 1292 1432 deportant.
1329 1362 1449 1409 nec
1468 1336 1645 1433 prius
1667 1332 1958 1422 sensere;
1992 1360 2192 1434 quam

224 1436 539 1536 plaustris
562 1439 627 1506 in
653 1434 805 1507 foro
838 1437 1081 1506 relictis
1107 1437 1342 1533 plenos
1365 1438 1642 1531 crapulae
1657 1459 1773 1506 eos
1795 1437 1902 1508 lux
1924 1430 2199 1533 oppres-

221 1536 327 1618 fit.
400 1541 607 1607 Tunc
640 1532 988 1607 concursus
1025 1536 1257 1632 populi
1295 1530 1504 1606 fafitus
1539 1590 1559 1618 ‚
1594 1536 2085 1633 impetratoque
2123 1551 2197 1605 ut

230 1656 591 1709 manerent
611 1678 634 1714 ‚
666 1637 890 1706 datum
911 1679 934 1715 ‚
966 1657 1036 1706 ut
1059 1636 1348 1706 triduum
1370 1635 1721 1732 quotannis
1744 1636 1997 1715 ornati,
2039 1659 2192 1705 cum

228 1757 461 1815 cantu,
487 1756 683 1833 atque
707 1733 853 1816 bac,
873 1760 1018 1833 quae
1038 1759 1210 1804 nunc
1234 1729 1519 1804 solennis
1536 1730 1655 1812 est,
1669 1734 1935 1810 licentia
1953 1758 2068 1831 per
2087 1757 2197 1804 ur-

227 1834 392 1905 bem
418 1855 847 1933 vagarentur:
877 1831 1385 1935 restitutumque
1402 1833 1470 1903 in
1492 1831 1627 1906 aede
1648 1828 2068 1927 vescendijus
2087 1832 2197 1914 iis,

224 1936 344 2033 qui
366 1931 564 2003 sacris
587 1932 1046 2032 praecinerent.
1093 1937 1256 2006 Haec
1288 1937 1464 2004 inter
1499 1931 1782 2005 duorum
1819 1932 2202 2033 ingentium„

222 2033 567 2105 bellorum
603 2058 823 2106 curam
852 2032 1275 2130 gerebantur.
1332 2031 1366 2082 ‘¹
1390 2027 1715 2104 Consules
1754 2033 1925 2105 inter
1943 2028 2007 2106 se
2031 2057 2185 2132 pro·
2210 2048 2284 2119 31

220 2133 475 2205 vincias
497 2133 719 2232 partiti
739 2132 977 2225 3Junio
1003 2132 1327 2207 Samnites
1352 2131 1649 2213 ‚-AEmi1io
1670 2159 1915 2207 novum
1938 2131 2191 2207 bellum

224 2234 499 2305 Etruria
536 2228 712 2305 sorte
747 2234 1046 2306 obvenit.
1098 2239 1180 2303 In
1200 2231 1470 2304 Samnio
1493 2232 1801 2304 Cluviam
1816 2232 2194 2329 praesidium

229 2330 623 2403 Romanum
660 2330 813 2428 quia
848 2330 1236 2428 nequiverat
1270 2333 1337 2401 vi
1359 2329 1538 2423 capi,
1576 2325 1900 2400 obselsum
1925 2326 2096 2400 fame
2123 2330 2192 2398 in

229 2430 652 2501 deditionem
692 2449 1091 2524 acceperant
1116 2426 1476 2507 Samnites,
1513 2423 2026 2524 verberibusque
2061 2424 2195 2498 [αν-

231 2528 395 2599 dum
416 2527 485 2595 in
508 2524 780 2595 modum
806 2526 1129 2595 laceratos
1146 2524 1530 2595 occiderant
1564 2522 1852 2596 deditos.
1900 2525 2073 2598 Huic
2093 2527 2195 2604 in:-

233 2620 454 2697 sensus
470 2623 838 2694 crudelitati
858 2623 1084 2716 Junius
1104 2668 1125 2705 ,
1164 2622 1327 2693 nibil
1348 2621 1674 2718 antiquius
1694 2627 2194 2725 oppugnatione

232 2723 567 2797 Cluviana
587 2744 762 2794 ratus
784 2771 804 2804 ‚
842 2747 980 2821 quo
998 2722 1104 2793 die
1125 2715 1454 2831 aggressus
1471 2718 1566 2792 est
1584 2727 1833 2795 moenia
1855 2780 1874 2809 ‚
1913 2725 2196 2823 vicepit3

233 2844 438 2922 atque
462 2847 697 2894 omnes
723 2822 1000 2918 puberes
1023 2821 1374 2895 interiecit.
1426 2821 1591 2892 Inde
1634 2822 1846 2894 νίἃοι·
1864 2829 2193 2899 exercitus

233 2924 611 2994 Bovianum
651 2921 906 2994 ductus.
933 2943 1128 3017 caput
1165 2921 1291 2994 boc
1324 2942 1465 2991 erat
1509 2928 1906 2995 Pentrorum
1946 2926 2204 2997 Samni-

236 3021 407 3094 tium
425 3023 628 3122 longe
654 3019 1036 3095 ditiffimum
1063 3043 1260 3122 atque
1288 3020 1852 3117 opulentiffimum
1872 3027 2070 3096 armis
2094 3026 2196 3095 vir

1956 3120 2196 3223 risque.

310 3280 344 3330 b
373 3288 433 3332 Vt
445 3283 594 3332 dame
617 3299 782 3350 operam
797 3320 813 3342 ‚
843 3298 894 3336 ur
922 3286 986 3339 bi.
1000 3290 1022 3344 J
1054 3287 1185 3334 Forte
1258 3287 1354 3336 αἰνὰ
1369 3323 1381 3343 ,
1407 3288 1532 3337 Iunio
1545 3289 1770 3339 samnites
1786 3322 1799 3343 ,
1817 3287 2024 3339 ‹AEm‘lio
2035 3303 2194 3336 novun

249 3353 376 3418 ptius
394 3357 451 3399 Vt
466 3345 748 3412 superfluum.
1257 3357 1412 3404 bellum
1429 3356 1894 3416 &rariafirre‘aevenin

305 3434 332 3467 c
368 3425 421 3466 11·
425 3418 623 3484 plaustra
627 3418 771 3478 simne
784 3421 958 3481 villan]
976 3422 1189 3483 Ignorant
1457 3427 1497 3471 V
1534 3438 1571 3472 A
1610 3439 1644 3472 a
1686 3437 1703 3469 1
1746 3440 1779 3471 o
1816 3418 1870 3474 a*
1893 3438 1924 3470 u
1960 3437 2021 3475 κ.

246 3486 307 3538 τὸ
318 3485 473 3547 [imm.
493 3485 580 3532 ‘rh-
598 3500 780 3550 utetque
798 3484 916 3535 νοίῑῖ
925 3489 1080 3536 Helm.
1095 3485 1190 3537 duo
1327 3505 1346 3537 ι
1385 3491 1783 3557 Inplaustusmno
1799 3493 1950 3540 vidos.
1968 3499 1988 3553 ]
2017 3496 2199 3539 Veteres

243 3553 358 3603 Pall.
391 3547 588 3600 Andreas
606 3571 616 3596 ε
648 3557 696 3604 ὃ(
713 3554 788 3600 alii
806 3550 990 3617 quidem
1008 3559 1192 3613 vindos,
1255 3554 1561 3613 libra-vinam
1577 3558 1731 3623 probe.
1748 3562 1925 3611 Etenim
1939 3557 2021 3612 nisi
2034 3559 2201 3613 somno

240 3618 341 3681 *duo
356 3620 465 3669 Pali.
487 3624 536 3670 δε
560 3618 679 3668 VossI
702 3620 817 3669 alter
828 3624 1015 3673 cana-s.
1259 3626 1398 3672 vincti
1412 3624 1617 3681 fuiss‘ent,
1646 3626 1841 3678 vinculis
1866 3625 2201 3689 constringendi

312 3684 345 3736 d
386 3686 577 3748 confides
587 3689 1198 3758 intersiprovinciaeaparriti.]
1256 3689 1432 3740 fuerant
1446 3717 1457 3749 ς
1483 3690 1608 3757 quod
1621 3695 1823 3746 Romam
1838 3695 1972 3747 inviti
1984 3691 2202 3760 perduce-

242 3756 395 3828 μμ)
416 3754 656 3823 Consulibus
667 3755 1080 3827 imaerseprwinciaea
1086 3774 1201 3830 par·
1262 3773 1429 3811 rentur.
1456 3764 1614 3827 Sigon·

1454 3833 1497 3879 Υ
1511 3846 1541 3894 y
1573 3846 1596 3894 3
2044 3836 2084 3887 G
2099 3846 2133 3882 ι
2147 3845 2205 3880 ο.
