2593 4366
446 116 604 210 670
1168 105 1266 183 T.
1358 107 1424 183 L
1470 134 1507 184 1
1548 133 1601 183 v
1632 130 1675 181 ἰ
1722 123 1761 182 1

441 211 685 286 deinde
722 210 1115 284 auxiliorum
1148 232 1500 308 apparatus
1539 256 1563 292 ‚
1616 207 1968 308 postquam
2000 206 2445 293 deditionem

443 333 583 382 tam
621 308 803 384 foede
835 309 1079 384 fatstam
1124 332 1547 407 acceperunt.
1586 309 2069 408 extemploque
2106 310 2243 384 fine
2293 318 2432 388 ulla

445 410 715 509 publica
735 413 1129 484 aquritate
1155 410 1192 459 k
1211 405 1598 481 consensum
1617 412 1686 479 in
1713 433 1988 479 omnem
2005 404 2309 483 formam
2334 417 2434 485 lu·

445 513 591 583 stus
605 509 721 583 est.
771 512 1103 582 Tabetnae
1125 507 1294 580 circa
1309 504 1523 581 forum
1549 504 1776 581 clausae
1800 564 1820 591 ,
1864 508 2334 610 justitiumque
2363 516 2435 587 in

446 606 603 684 foro
637 606 743 680 sua
777 606 1012 708 sponte
1051 629 1393 707 coeptum,
1428 608 1604 707 prius
1629 632 1829 707 quam
1852 608 2221 680 indicium:
2274 621 2295 651 ¹
2316 615 2435 687 lati

445 709 660 793 clavi,
696 710 922 782 annuli
945 710 1122 781 aurei
1147 706 1375 805 positi3
1408 733 1574 806 pene
1612 706 1918 778 moestior
1938 711 2241 780 exercitu
2283 710 2438 809 ipso

445 810 676 880 civitas
695 804 862 882 effe:
905 835 1029 881 nec
1058 809 1334 881 ducibus
1360 805 1569 879 solum
1586 828 1786 906 atque
1809 808 2198 879 auditoribus
2219 807 2439 910 spon·

443 904 831 1008 foribusque
849 910 1024 1008 pacis
1045 903 1252 988 irasci,
1277 905 1387 978 sed
1409 907 1722 978 innoxios
1740 906 1943 980 etiam
1970 909 2225 980 milites
2244 905 2434 983 odis-

443 1003 512 1079 se
533 1059 554 1092 ,
587 1017 654 1083 &
678 1034 919 1110 negare
941 1008 1101 1081 urbe
1137 1002 1410 1080 tefflsve
1433 1007 1880 1103 accipiendos.
1932 1013 2161 1093 Quam
2189 1012 2435 1083 conci-

446 1109 772 1181 tationem
803 1110 1175 1180 animorum
1216 1102 1419 1207 fregit
1455 1106 1779 1179 adventus
1800 1108 2132 1179 exercitus
2155 1154 2182 1190 ‚
2219 1114 2426 1185 etiam

442 1206 626 1281 iratis
666 1205 1076 1281 miserabilis.
1114 1230 1249 1276 non
1267 1208 1448 1277 enim
1468 1227 1786 1305 tanquam
1805 1207 1874 1278 in
1895 1208 2169 1305 patriam
2188 1234 2429 1282 rever·

443 1327 665 1383 tentes
700 1326 784 1381 ex
824 1304 1153 1405 insperato
1180 1305 1553 1378 incolumes
1575 1350 1599 1388 ‚
1643 1301 1755 1378 sed
1793 1329 2142 1404 captorum
2179 1308 2417 1382 habitu

444 1409 769 1507 vultuque
804 1405 1072 1508 ingrcffi
1102 1401 1249 1478 sero
1266 1405 1334 1476 in
1357 1406 1589 1479 urbem
1614 1451 1638 1487 ,
1671 1406 1764 1476 ita
1781 1402 1932 1477 sein
1964 1402 2092 1477 suis
2126 1405 2412 1508 quisque

445 1508 641 1581 teffls
662 1508 1055 1581 abdiderunt
1083 1551 1103 1588 ‚
1141 1527 1212 1578 ut
1235 1503 1506 1605 postero
1525 1529 1723 1604 atque
1744 1500 1881 1577 inse
1936 1505 2247 1578 uentibus
2279 1511 2423 1578 die·

448 1608 599 1689 bus,
619 1633 821 1680 nemo
840 1633 1074 1680 eorum
1098 1604 1318 1678 forum
1338 1627 1447 1677 aut
1467 1606 1806 1704 publicum
1824 1532 2163 1703 acll'picere
2182 1608 2416 1678 vellet.

446 1703 776 1781 Consules
799 1709 865 1779 in
884 1709 1149 1806 privato
1184 1704 1430 1786 abditi,
1464 1705 1629 1777 nihil
1664 1729 1788 1802 pro
1804 1704 2186 1804 magistratu
2206 1730 2401 1805 agere

351 1853 356 1856 -
443 1807 561 1879 nifi
581 1807 764 1904 quod
782 1802 1147 1903 expreffum
1165 1801 1723 1877 senatusconsulto
1742 1802 1881 1885 est,
1913 1827 1983 1876 ut
2002 1804 2405 1877 dictatorem
2426 1869 2430 1875 ,

441 1906 743 1977 dicerent
781 1906 1211 1977 comitiorum
1249 1899 1478 1977 caussa.
1552 1908 1670 1999 Q
1694 1903 1970 1975 Fabium
2001 1903 2408 1976 Ambustum

439 2004 777 2088 dixerunt,
797 2013 864 2080 δι
884 2011 958 2078 Ρ.
979 2003 1211 2076 AElium
1230 2010 1509 2084 Paetum,
1534 2003 1913 2103 magistrum
1932 1999 2415 2101 equitumqui-
2524 2085 2525 2088 Ἴ

442 2103 565 2177 bus
594 2102 758 2174 vitio
791 2102 1026 2177 creatis
1050 2157 1071 2187 ,
1101 2098 1354 2174 suffecti
1375 2125 1397 2157 ²
1419 2106 1516 2177 M.
1539 2103 1831 2178 AEmilius
1846 2111 2070 2202 Papus
2091 2101 2405 2185 diflmtor,
2524 2123 2525 2130 ¹

377 2280 380 2283 ,
443 2209 526 2279 L.
570 2204 879 2278 Valerius
926 2206 1200 2275 Flaccus
1240 2201 1552 2304 magister
1580 2205 1902 2302 equitum.
1948 2206 2107 2276 Nec
2148 2228 2269 2301 per
2290 2227 2407 2276 eos

444 2304 716 2377 comitia
735 2302 985 2376 habita.
1024 2311 1091 2378 δι
1115 2301 1271 2400 quia
1292 2301 1581 2375 taedebat
1603 2305 1925 2402 populum
1941 2303 2247 2375 omnium
2268 2329 2406 2374 ma-

445 2402 837 2505 gistratuum
856 2407 1000 2498 ejus
1025 2402 1201 2482 anni,
1222 2426 1328 2475 res
1346 2402 1427 2475 ad
1445 2401 1901 2503 interregnum
1923 2402 2144 2474 rediit.
2194 2408 2407 2474 Inter-

447 2528 638 2601 reges
660 2504 1017 2604 QFabius
1043 2501 1396 2584 Maximus,
1420 2503 1829 2591 M.Valeri‚us
1850 2504 2146 2575 Corvus,
2170 2501 2224 2571 is
2248 2528 2408 2574 con-

446 2600 618 2673 sules
658 2603 908 2675 creavit
943 2601 1423 2698 QPublilium
1448 2600 1798 2674 Philonem
1820 2647 1842 2680 ‚
1880 2610 1947 2675 &
1972 2602 2401 2699 L.Papirium

447 2698 812 2775 Cursorem
829 2704 1070 2779 iterum
1095 2698 1307 2774 :haud
1326 2699 1533 2775 dubio
1552 2695 1874 2774 consensu
1894 2699 2207 2786 civitatis,
2224 2702 2402 2800 quod

2243 2800 2406 2874 nulli

442 2980 878 3119 {Z'iz'mabfm
901 2977 1389 3050 mb'um'swd‘
1650 3023 1694 3070 V
1722 3032 1759 3068 Α
1788 3030 1825 3068 ιι
1860 3032 1880 3066 x
1913 3032 1948 3066 o
1991 3032 2031 3070 ι
2061 3033 2095 3068 ιι
2119 3032 2182 3069 κ.

507 3120 540 3167 k
566 3118 800 3181 Concefflan
811 3118 859 3165 ι’»
870 3123 1237 3183 omens-munt
1249 3119 1389 3167 luam
1531 3129 1551 3161 ι
1569 3119 2403 3187 Latiolneu‘5aennnlae'aennipfiei.]l’liu·

437 3187 551 3248 effi]
580 3188 755 3233 Thumi.
781 3182 877 3233 duo
892 3187 1002 3238 Pau.
1020 3185 1141 3238 Voss'.
1157 3186 1310 3235 Helm.
1335 3190 1388 3236 δε
1454 3180 1536 3231 lib.
1559 3202 1626 3245 33.
1653 3203 1745 3251 cap.
1769 3202 1807 3235 1.
1838 3191 2003 3235 Rom:
2031 3187 2181 3251 longo
2208 3204 2404 3253 teu-,pote
2510 3214 2511 3241 ι

439 3260 697 3318 campanus
716 3253 973 3317 eonsensum.
1010 3254 1142 3305 Adde
1152 3251 1210 3303 ad
1222 3255 1390 3302 librum
1454 3253 1574 3299 inter
1594 3257 1798 3318 privatos
1822 3290 1838 3313 ‚
1882 3255 2033 3304 nullos
2060 3254 2192 3306 fuisse
2217 3259 2401 3307 anmlos

374 3341 378 3345 ’
438 3337 493 3382 4.
510 3338 579 3383 35.
614 3318 700 3371 Sed
723 3321 899 3372 ustione
925 3338 980 3371 ac
1004 3327 1203 3374 sectione
1229 3319 1391 3385 dignus
1454 3320 1608 3369 scribit
1635 3338 1822 3372 aureos:
1852 3321 2029 3388 publice*
2057 3322 2245 3386 quidem
2259 3327 2404 3388 legaris

436 3390 505 3439 ob
546 3385 859 3438 incredibilem
896 3388 1129 3441 audaciam
1159 3392 1391 3454 sigoniani
1453 3382 1586 3437 dato·
1611 3413 1625 3447 ς
1672 3394 2023 3456 triumphanteis
2060 3406 2217 3441 autem
2256 3393 2401 3441 ferrei·
2508 3384 2509 3393 ’

437 3455 616 3507 codicis
628 3460 876 3516 cotrerr,
891 3464 967 3523 qui
982 3462 1197 3510 exhibuit
1214 3478 1225 3506 :
1244 3461 1393 3508 ancio·
1458 3458 1588 3514 usosz
1612 3472 1748 3524 atque
1763 3462 1825 3508 ita
1841 3460 2171 3524 triumphatum
2188 3462 2217 3510 i
2232 3468 2285 3512 C.
2300 3467 2395 3509 Ma·

416 3528 575 3575 νίκη
597 3525 997 3592 ιοηῙωῙκνσίοωῙΪ
1015 3533 1048 3577 Ι.
1059 3531 1236 3598 populns
1247 3528 1395 3587 versas
1457 3526 1531 3572 tio
1547 3560 1563 3582 .
1579 3540 1661 3576 uec
1676 3530 1733 3579 ab
1744 3543 1805 3576 eo
1817 3529 2044 3593 sumptum
2060 3543 2249 3577 aureum
2261 3545 2397 3578 annu·

435 3595 515 3655 ost.
552 3596 887 3658 cogitamen
914 3593 1025 3660 quid
1040 3594 1171 3646 adeat
1240 3595 1393 3652 siculi,
1457 3592 1554 3641 lum
1576 3609 1683 3646 ante
1712 3597 1898 3646 tertium
1936 3596 2253 3646 Consulatum·
2292 3602 2400 3648 Gla·

438 3663 520 3724 qui
533 3676 591 3708 ex
607 3659 872 3720 huiusmodi
888 3662 1018 3719 libris
1254 3678 1281 3715 e
1292 3678 1395 3715 ten·
1455 3678 1573 3712 mn.

435 3725 686 3801 meditosg
1526 3744 1555 3780 2
1598 3731 2402 3867 Mmeqpmjsgdebj.

1371 3854 1375 3858 .
2276 3815 2305 3845 4
2380 3828 2398 3855 n
